2466 3210
1006 137 1341 203 '—1s--

192 281 269 319 est,
290 281 399 313 matre
418 278 566 313 Dione.
610 276 712 312 Hane
733 278 848 310 sutem
869 274 1049 310 Hesiodus
1070 275 1158 309 iuter
1178 276 1327 310 minutas
1346 285 1513 319 aquarum
1533 276 1726 322 nymphas,
1757 276 1891 311 Oceani
1919 276 2029 316 filias,
2056 287 2202 312 eonne-

191 356 318 394 morat,
352 352 446 398 quod
481 361 549 396 qua
583 351 717 386 ratione
743 348 985 395 explicandum
1007 347 1183 390 videatur,
1218 348 1288 383 alio
1324 348 1402 384 loco
1426 348 1572 395 exposui
1581 349 1643 393 ⁴⁰).
1687 349 1794 396 Apud
1816 349 2004 385 Homerum
2025 351 2201 397 aliquanto

188 425 425 472 augustiorem
447 423 527 459 eius
550 423 751 468 dignitatem
773 432 858 457 esse
880 422 969 457 satis
988 424 1151 467 apparet:
1176 431 1345 467 quosnam
1366 424 1533 468 parentes
1555 421 1733 464 babuerit,
1764 423 1931 457 incertum
1958 427 2026 458 est.
2069 422 2145 458 Sed
2164 423 2199 459 si

188 500 284 533 recte
305 507 413 543 supra
434 496 587 535 conieci,
609 496 645 530 in
668 494 851 530 Homerica
872 494 1059 540 theogonia
1080 505 1126 529 ex
1148 493 1291 529 Oceano
1311 494 1455 530 Coelum
1476 497 1513 529 et
1537 493 1678 529 Terram
1700 499 1890 542 prognatos
1916 505 2019 535 esse,
2046 496 2105 530 vix
2125 506 2197 531 ere·

187 570 332 605 diderim
355 569 413 604 his
440 568 588 603 Dionem
621 579 775 602 sororem
808 567 960 603 additam
988 567 1108 602 fuisse.
1163 567 1236 603 Alii
1265 579 1343 603 eam
1368 569 1402 603 in
1433 567 1615 602 Titanibus
1646 572 1840 609 numerant,
1872 568 2004 603 Terrae
2031 566 2199 612 Coeliqus

188 643 429 688 progeniess),
447 652 566 686 neque
588 640 813 687 improbabile
835 643 911 681 est,
931 639 1021 675 hanc
1044 640 1077 674 ei
1099 641 1263 686 originem
1288 642 1391 676 etiam
1415 642 1448 675 in
1471 640 1532 675 illa
1552 639 1740 686 theogonia
1761 642 1871 677 datam
1892 652 1987 677 esse.

335 715 447 752 Porro
471 726 518 750 ex
545 714 686 749 castrati
710 713 807 748 Coeli
842 714 1009 759 sauguine
1043 717 1229 750 nascuntur
1258 713 1350 760 apud
1378 713 1572 750 Hesiodum
1601 713 1806 759 Erinyes,
1835 715 2046 759 Gigantes
2082 723 2197 758 nym-

186 788 381 834 phaeque
402 787 584 828 Meliae,
605 786 651 821 de
675 786 803 831 quibus
827 786 908 820 alibi
929 786 1124 821 accuratius
1145 786 1394 832 disputaviffl),
1424 790 1461 823 et
1482 788 1745 822 demonstrasse
1766 786 1850 821 mihi
1871 787 2002 827 videor,
2023 784 2198 832 nymphas

185 859 266 893 illas
284 859 488 894 fraxinorum
508 869 612 899 esse,
647 869 692 892 ex
714 858 841 903 quibus
862 859 1000 904 generis
1022 858 1161 893 humani
1183 861 1295 893 ortum
1318 862 1456 894 veteres
1478 858 1697 905 repetierint,
1728 858 1957 904 gigantesque
1983 858 2065 892 item
2086 857 2196 892 homi·

186 943 284 972 num,
309 933 368 976 qui
389 943 480 966 nunc
500 932 635 970 vivunt,
656 930 966 976 progenitores⁴³)‚
996 930 1160 975 Erinyum
1188 934 1302 965 autem
1324 932 1427 966 istam
1446 932 1703 977 generationem
1730 931 1774 964 ab
1796 930 2003 975 theogoniae
2023 930 2194 975 composi-

185 1009 260 1038 tore
282 1006 397 1039 minus
420 1004 639 1038 considerate
662 1003 719 1036 hic
744 1003 885 1036 relatam
907 1015 1007 1042 esse,
1038 1007 1075 1037 ut
1104 1015 1194 1047 quae
1218 1005 1386 1037 rationem
1407 1004 1536 1038 habeat
1557 1005 1601 1038 ab
1623 1006 1691 1038 ista
1714 1005 1758 1037 de
1782 1003 1898 1037 Meliis
1922 1008 1958 1037 et
1983 1004 2191 1048 Gigantibus

185 1075 299 1113 tabula
324 1075 427 1123 lenge
455 1075 648 1116 diversam,
673 1086 776 1121 quum
805 1074 1007 1121 praesertim
1036 1086 1124 1121 quae
1151 1074 1218 1111 alio
1244 1075 1450 1123 theogoniae
1477 1075 1555 1112 loco
1583 1079 1814 1112 memorantur
1844 1074 2015 1112 Poenae
2045 1075 2191 1121 (Κῆρες)

186 1148 312 1185 Noctis
350 1149 460 1191 filiae,
494 1146 640 1185 eaedem
678 1158 756 1182 cum
790 1145 953 1194 Erinysin
980 1157 1066 1182 esse
1094 1146 1290 1191 videantur,
1318 1147 1400 1185 licet
1432 1160 1499 1184 non
1536 1147 1752 1197 appellentur
1787 1148 1834 1183 ibi
1865 1147 1932 1184 hoc
1966 1147 2113 1183 nomine.
2147 1166 2192 1173 —

184 1223 357 1258 Homerus
369 1222 495 1258 Melias
518 1221 688 1267 nymphas
711 1231 879 1265 nusquam
902 1223 1087 1255 memorat:
1111 1221 1295 1267 Gigantum
1310 1224 1520 1257 mentionem
1545 1222 1627 1257 facit
1636 1223 1684 1266 ⁴¹⁴)
1706 1227 1744 1257 ut
1762 1222 1880 1269 populi
1895 1233 1960 1256 non
1975 1221 2078 1256 nimis
2088 1221 2190 1267 longo

182 1300 262 1331 ante
288 1297 413 1331 bellum
437 1295 621 1330 Troianum
643 1298 800 1340 tempore
823 1295 963 1339 propter
985 1294 1205 1329 insolentiam
1228 1299 1265 1330 et
1285 1296 1487 1331 iniustitiam
1509 1298 1702 1341 interempti
1726 1309 1795 1331 una
1821 1308 1896 1331 cum
1917 1305 2001 1340 rege
2023 1294 2189 1339 Euryme-

184 1370 305 1410 donte,
328 1370 427 1404 cuius
453 1369 522 1404 filia
543 1368 716 1403 Periboea
737 1378 782 1401 ex
802 1366 965 1412 Neptuno
980 1366 1208 1403 Nausithoum
1222 1370 1415 1415 pepererit,
1436 1373 1568 1416 patrem
1583 1369 1735 1409 Alcinoi,
1759 1368 1956 1403 Phaeacum
1973 1367 2089 1413 regis,
2113 1367 2191 1401 eius

183 1443 240 1488 qui
262 1441 389 1476 Ulixen
415 1441 568 1487 hospitio
596 1441 746 1486 excepit.
804 1438 973 1473 Dicuntur
999 1443 1113 1474 autem
1143 1439 1313 1486 Gigantes
1342 1443 1467 1488 pariter
1495 1446 1597 1487 atque
1625 1442 1800 1487 Cyclopes
1826 1445 1864 1475 et
1884 1440 2068 1475 Phaeaces
2088 1440 2194 1473 θεῶν

181 1508 446 1561 ὴψύθενῇεἷναι,
469 1513 501 1548 h.
518 1524 549 1548 e.
571 1513 766 1558 propinqua
787 1512 990 1557 cognatione
1011 1511 1098 1546 deos
1120 1513 1361 1558 ottinga-⁶⁴⁵),
1389 1514 1425 1549 id
1447 1514 1538 1560 quod
1559 1514 1727 1560 originem
1739 1514 1860 1549 horum
1871 1514 1972 1549 trium
1985 1512 2193 1559 populorum

182 1599 252 1623 non
274 1586 421 1622 eandem
444 1596 547 1631 quam
569 1583 772 1629 reliquorum
794 1583 969 1618 hominum
993 1583 1144 1620 indicare
1164 1585 1307 1620 videtur.
1353 1585 1424 1621 lam
1443 1598 1525 1622 vero
1548 1598 1635 1633 quae
1658 1586 1865 1632 Gigantibus
1893 1586 1991 1632 origo
2019 1585 2064 1620 ab
2086 1584 2190 1620 Hesi·

182 1661 250 1697 odo
275 1660 448 1699 tribuitur,
489 1670 510 1693 e
532 1657 673 1693 castrati
695 1655 790 1691 Coeli
812 1658 998 1702 sanguine,
1037 1658 1160 1694 eadem
1191 1658 1413 1695 Phaeacibus
1447 1660 1492 1696 ab
1519 1660 1650 1696 Alcaeo
1684 1663 1720 1695 et
1754 1660 1921 1695 Acusilao
1956 1660 2085 1695 tributa
2112 1663 2188 1702 θείς

184 1745 357 1780 quumque
386 1743 493 1768 causa
519 1731 614 1766 nulla
640 1730 703 1771 sit,
733 1730 914 1775 quominus
941 1729 1031 1765 hanc
1059 1742 1131 1766 rem
1160 1743 1229 1766 non
1259 1743 1304 1767 ex
1331 1734 1480 1783 yetustis
1501 1732 1627 1767 sabulis
1655 1733 1798 1779 petitam
1828 1733 2028 1774 credamus,
2057 1733 2186 1773 licebit,

181 1808 323 1854 opinor,
343 1805 531 1852 suspicari,
555 1802 700 1838 eandem
726 1802 828 1837 etiam
850 1801 1002 1837 Homero
1028 1807 1145 1839 notam
1173 1804 1303 1845 fuisse,
1333 1806 1491 1850 quamvis
1514 1816 1626 1851 neque
1648 1805 1760 1852 ipsam
1783 1805 1911 1841 diserte
1933 1809 2185 1846 commemoret,

180 1885 218 1917 et
238 1892 283 1915 ne
306 1879 402 1914 Coeli
423 1877 560 1923 quidem
581 1877 722 1910 castrati
751 1877 958 1910 mentionem
987 1876 1090 1911 ullam
1120 1877 1235 1912 saciat.
1279 1877 1345 1913 Est
1372 1878 1463 1912 enim
1491 1890 1547 1913 res
1573 1889 1618 1912 ex
1647 1889 1763 1913 earum
1800 1890 1943 1924 genere,
1976 1878 2021 1913 de
2055 1878 2180 1923 quibus

181 1953 443 1998 haudquaquam
464 1954 537 1985 tuta
560 1950 609 1984 sit
638 1959 682 1983 ex
709 1948 849 1983 silentio
872 1950 1133 1993 coniecturaw).
1177 1950 1239 1985 Sic
1267 1951 1370 1996 igitur
1396 1952 1501 1985 etiam
1531 1951 1703 1998 Cyclopes
1729 1951 1903 1986 Homerici
1931 1951 2051 1986 eodem
2078 1949 2183 1986 mode

205 2136 261 2173 40)
300 2134 336 2163 ln
356 2132 480 2162 dissert.
500 2130 538 2159 de
559 2128 750 2159 Oceauidum
772 2132 804 2157 et
823 2126 991 2157 Nereidum
1011 2128 1147 2168 catalog.
1168 2129 1316 2167 Hesiod„
1337 2140 1407 2161 aun.
1429 2132 1506 2159 1843
1528 2129 1621 2160 edita.

205 2189 260 2227 41)
301 2185 450 2226 Apollod.
463 2185 495 2221 1,
521 2187 553 2221 1,
574 2186 607 2213 3.
646 2183 744 2222 Orph.
765 2182 807 2212 fr.
822 2185 842 2211 8
863 2192 890 2221 p.
910 2184 968 2212 467
989 2183 1097 2213 Herm.

203 2243 258 2280 42)
300 2243 335 2271 ln
355 2241 479 2270 dissert.
498 2240 537 2268 de
557 2237 707 2277 nymphis
726 2237 851 2272 Meliis,
873 2237 1064 2276 Gigantibus
1084 2243 1116 2268 et
1136 2238 1291 2277 Erinysin.
1314 2249 1384 2269 anu.
1407 2241 1483 2268 1845
1502 2239 1600 2269 edita.

202 2296 263 2333 4³).
297 2295 332 2324 lu
352 2293 426 2324 aliis
447 2292 639 2323 carminibus
659 2290 798 2322 Hesiodo
819 2290 985 2329 adscriptis
1005 2289 1121 2330 Βροτιὶι
1140 2293 1389 2329 memorabatur,
1416 2292 1562 2322 Aetheris
1581 2295 1613 2322 et
1632 2290 1704 2321 Diei
1723 2291 1825 2326 iilius,
1853 2291 1981 2330 (Etym.
2000 2292 2044 2322 M.
2063 2302 2094 2331 p.
2111 2294 2185 2322 215.

298 2348 378 2385 ³7),
401 2356 494 2385 quem
515 2346 567 2374 vix
594 2345 734 2374 dubitari
763 2349 868 2384 potest
894 2344 967 2382 quin
989 2344 1122 2383 primum
1143 2346 1306 2375 hominum
1328 2351 1485 2384 parentem
1506 2355 1575 2375 esse
1594 2346 1761 2375 volueriut.
1800 2345 1861 2374 Sed
1881 2344 2037 2374 eiusmodi
2063 2345 2184 2375 disere-

296 2400 404 2440 pastis
424 2399 456 2429 in
477 2403 564 2429 tanta
582 2398 811 2429 Resiodeorum
833 2397 1003 2429 ean-minum
1025 2398 1178 2430 varietate
1197 2398 1315 2429 nemini
1340 2398 1422 2429 mira
1441 2398 1606 2429 videbitur.
1648 2399 1695 2428 De
1714 2398 1900 2439 gigantibus
1925 2403 2032 2429 sutem
2060 2409 2182 2430 memo-

260 2447 262 2449 ’
294 2454 406 2483 nabin·
426 2454 519 2483 loeus
535 2457 584 2482 est
604 2453 633 2482 in
654 2453 834 2492 fragmento
852 2452 1018 2482 Pindarico
1038 2462 1135 2491 nuper
1155 2462 1174 2482 ι
1193 2453 1430 2483 Schneidewino
1450 2453 1553 2489 edito,
1581 2453 1742 2492 Philolog.
1762 2453 1794 2488 l,
1814 2455 1833 2481 3
1855 2463 1883 2491 p.
1903 2455 1962 2482 4³7
1971 2475 1981 2489 ‚
2007 2454 2063 2483 ubi
2083 2464 2180 2492 quum

296 2507 403 2538 variae
418 2507 457 2537 de
477 2506 578 2546 prima
598 2507 762 2537 hominum
784 2506 908 2546 origine
928 2506 1057 2537 fabulae
1077 2510 1335 2546 pereensesntur,
1361 2516 1441 2537 unus
1461 2515 1589 2543 eorum,
1615 2503 1664 2537 οῖῖε
1693 2505 1720 2537 Γ
1718 2503 1759 2536 αἶ’
1778 2503 1891 2537 ἄνδωκε
1909 2506 2038 2547 πρώτα,
2063 2508 2177 2547 Alcyo-

295 2570 373 2590 neus
392 2566 456 2598 est,
478 2559 685 2601 πρεσριῗτατοσ
702 2559 862 2602 20⁶2de-

201 2613 255 2651 st)
295 2613 354 2643 011.
374 2614 447 2650 Vll,
468 2617 508 2644 ⁶6
525 2626 594 2654 sqq.

201 2667 258 2706 45)
296 2667 392 2696 uano·
407 2677 515 2698 veram
536 2679 606 2699 esse
627 2670 794 2699 verborum
815 2668 1104 2708 interpretationem
1123 2668 1218 2698 hodie
1244 2667 1295 2697 vix
1321 2668 1487 2708 quisquam
1516 2668 1650 2699 dubitat.
1689 2669 1820 2700 Vossius
1846 2671 1940 2707 olim,
1969 2670 2039 2699 Alte
2059 2669 2175 2700 Weltk.

294 2730 321 2750 s.
341 2721 456 2752 Sched.
474 2723 544 2753 crit.
565 2724 595 2753 11
615 2734 644 2762 p.
662 2726 721 2753 292
740 2723 837 2754 alites
853 2724 990 2763 acepit:
1011 2732 1157 2754 secura
1176 2722 1385 2752 felicitate
1404 2723 1484 2753 diis
1504 2723 1682 2754 aimiles:
1704 2726 1776 2763 (an
1795 2726 1957 2761 συναίρειν
1976 2724 2176 2761 &messena-

292 2776 360 2806 lceit
376 2775 440 2806 den
459 2775 589 2807 Go'uern
608 2779 727 2815 nahe.)

198 2831 260 2869 w)
295 2830 385 2861 Valet
405 2830 443 2860 de
462 2829 515 2859 his
534 2830 701 2862 Strabonis
722 2831 889 2869 iudicium,
912 2832 1057 2872 qua-vis
1075 2833 1116 2863 ab
1136 2831 1205 2872 ipso
1225 2840 1284 2862 nou
1303 2833 1389 2861 recte
1409 2840 1534 2870 semper
1553 2831 1750 2870 adhibitum,
1774 2833 1848 2868 ΧΠ,
1869 2834 1888 2861 3
1909 2843 1937 2871 p.
1957 2834 1996 2862 34
2016 2833 2179 2864 'Faucium
