2466 3210
1112 104 1400 149 ..22-

250 238 296 260 ex
335 224 505 260 Themide
540 226 751 271 procreatis,
788 219 970 268 Ειῖνομλῃ,
1008 220 1122 268 Δίκῃ,
1160 219 1309 268 Εἰρήνῃ.
1334 238 1377 247 -
1397 220 1524 267 Neque
1554 223 1669 256 minus
1706 233 1751 257 ex
1778 223 1844 258 bac
1872 223 1952 269 lege
1979 221 2175 257 hominibus
2199 233 2267 257 sua

251 300 374 343 cuique
403 310 483 332 sors
511 297 672 344 obtingit,
710 295 799 331 unde
831 294 969 337 Μοῖραι
997 303 1132 338 quoque
1168 303 1200 327 s.
1232 291 1398 327 Parcae
1422 291 1515 329 lovis
1542 305 1586 328 ex
1614 293 1739 329 eadem
1768 294 1938 333 Themide
1972 294 2060 330 filiae
2089 293 2266 329 dicuntur:
2289 311 2292 314 >

253 382 456 416 quamquam
478 370 553 410 alii,
575 373 611 404 et
632 370 709 415 ipsa
732 376 869 411 quoque
891 364 1081 410 theogonia
1102 364 1169 399 alio
1190 364 1283 405 loco,
1306 378 1338 400 v.
1359 365 1424 400 217
1448 378 1520 411 sq„
1542 367 1644 401 aliam
1665 366 1790 401 Parcis
1812 368 1997 412 originem,
2019 368 2101 402 love
2122 366 2266 401 ceteris·

249 454 321 488 que
344 442 412 476 diis
433 443 675 487 antiquiorem,
696 450 740 473 ex
760 437 873 472 Nocte
895 440 931 471 et
952 436 1067 471 Erebo
1091 438 1321 484 assignarunt.
1366 437 1509 474 Scilicet
1538 439 1641 474 etiam
1664 437 1719 473 dii
1747 441 1909 473 aeternae
1939 438 2083 474 fatorum
2111 438 2178 484 legi
2208 437 2267 472 ob-

253 515 346 549 noxii
374 518 474 554 sunt,
502 514 598 547 cuius
629 511 718 555 legis
749 513 875 548 ortum,
905 510 1065 552 quoniam
1096 509 1131 542 in
1160 509 1308 544 obscuro
1343 515 1400 545 est
1434 512 1589 557 ipsisque
1618 510 1736 544 mundi
1767 510 1963 556 primordiis
1993 512 2166 556 aequalis,
2201 521 2268 545 non

260 588 382 633 inepte
410 586 454 621 ad
484 585 647 625 Noctem,
679 583 797 618 chaus
827 582 956 616 vetusti
986 581 1108 622 filiam,
1128 582 1342 618 referebant.
1379 602 1425 609 —
1468 583 1585 618 Tertia
1611 582 1702 617 lovis
1729 594 1815 617 uxor
1841 583 2081 628 Eurynome
2110 587 2185 622 est,
2226 594 2270 617 ex

256 659 447 705 antiquiore
473 656 621 703 quadam
644 655 833 701 theogonia
855 655 984 697 ascita,
1008 658 1044 691 et
1066 655 1315 702 significatione
1337 670 1406 693 non
1430 658 1518 694 satis
1545 660 1658 698 certa,
1687 656 1752 692 sed
1774 658 1832 692 cui
1861 657 1959 693 locus
1981 658 2014 692 in
2041 656 2108 692 hac
2129 669 2271 692 uxorum

258 732 515 767 enumeratione
537 734 679 776 propter
702 729 789 763 filias
815 728 978 773 denegari
1004 740 1072 763 non
1100 733 1245 776 poterat.
1287 729 1378 765 Nam
1407 729 1586 765 Gratias
1608 729 1680 764 lovi
1702 730 1853 777 peperit,
1882 740 1989 775 quae,
2019 729 2110 765 sicut
2137 727 2271 766 Parcae

257 809 402 845 sortem,
424 804 541 839 Horae
564 807 679 838 autem
702 803 881 842 iustitiam,
911 803 1137 846 aequitatem,
1160 804 1393 843 concordiam,
1421 804 1474 838 sie
1499 803 1565 838 bae
1587 802 1753 849 quidquid
1784 803 1966 838 iucundum
1997 807 2033 838 et
2065 802 2272 838 delectabile

257 883 314 915 est
336 878 513 913 hominum
535 878 625 911 vitae
648 876 863 922 dispensant.
895 893 938 900 —
983 874 1181 920 Sequuntur
1202 888 1292 921 quae
1319 880 1379 911 aut
1406 876 1566 911 alimenta
1595 876 1796 922 corporibus
1820 880 2002 922 procurant
2030 876 2165 922 frugum
2194 888 2270 922 pro-

258 955 382 992 ventu,
404 954 463 985 aut
484 950 618 984 animos
643 960 755 983 rerum
778 947 976 991 cognitione
999 951 1035 982 et
1056 949 1202 982 scientia
1226 949 1414 987 instruunt,
1443 948 1577 982 Ceres
1600 951 1636 981 et
1662 947 1967 993 Mnemosyne,
2001 960 2142 992 quarum
2163 949 2273 983 altera

257 1022 587 1068 Proserpinam,
610 1020 718 1055 altera
743 1019 894 1055 Musas
925 1019 1080 1065 paritw).
1111 1037 1156 1046 —-·
1200 1019 1309 1054 sexta
1332 1018 1502 1053 Latona
1529 1022 1604 1059 est,
1628 1022 1737 1053 mater
1766 1020 1989 1066 Apollinis
2022 1025 2057 1055 et
2086 1020 2271 1062 Dianae,

259 1108 402 1140 quorum
426 1095 481 1127 vis
505 1098 541 1126 et
568 1097 691 1126 natura
715 1094 826 1126 minus
851 1097 976 1125 certam
1002 1103 1042 1124 ac
1069 1092 1239 1125 definitam
1265 1091 1369 1125 habet
1393 1091 1438 1125 ad
1460 1094 1574 1126 certas
1598 1090 1765 1136 quasdam
1787 1092 2021 1126 necessitates
2043 1092 2133 1128 vitae
2156 1092 2271 1128 huma·

259 1180 326 1203 nae
350 1167 570 1205 relationem,
594 1176 695 1209 quam
718 1165 762 1198 ob
785 1177 925 1199 causam
947 1175 1061 1208 neque
1087 1164 1195 1209 primo
1220 1163 1312 1203 loco,
1337 1167 1417 1198 ante
1435 1163 1656 1203 Themidem‚
1678 1165 1864 1204 numerari,
1886 1174 1999 1207 neque
2015 1165 2128 1200 media
2146 1167 2273 1200 ceteris

261 1239 432 1285 interponi
459 1237 595 1272 Latona
624 1240 707 1283 apte
735 1241 888 1283 poterat,
916 1238 983 1273 sed
1012 1236 1163 1271 debebat
1193 1239 1273 1282 post
1305 1235 1371 1270 has
1401 1247 1521 1271 omnes
1552 1239 1588 1271 et
1617 1237 1768 1283 proxime
1795 1239 1876 1270 ante
1904 1235 2067 1272 lunonem
2098 1238 2270 1272 collocari.

232 1300 236 1303 .
261 1314 317 1348 De
341 1310 518 1347 lunonis
533 1313 648 1343 autem
675 1320 718 1343 ex
733 1308 815 1345 love
833 1311 965 1351 liberis,
987 1310 1106 1345 Hebe
1130 1321 1160 1344 s.
1183 1307 1378 1349 Iuventa,
1402 1308 1599 1352 llitbyia,
1621 1309 1780 1349 Marte,
1805 1308 1918 1353 deque
1935 1309 2147 1349 Vulcano,
2171 1322 2274 1355 quem

259 1388 340 1434 ipsa
361 1396 405 1420 ex
427 1393 512 1418 sese
533 1381 669 1427 absque
693 1380 786 1418 lovis
809 1383 968 1430 amplexu
991 1392 1197 1429 procreasse
1222 1380 1361 1422 dicitur,
1391 1393 1460 1416 non
1483 1394 1570 1427 opus
1593 1387 1649 1418 est
1672 1396 1758 1418 niune
1780 1384 1973 1418 accuratius
1997 1382 2179 1427 disputari,
2208 1384 2273 1418 sed

259 1458 442 1493 videndum
467 1454 719 1495 tantummodo,
743 1458 913 1499 quatenus
937 1466 1012 1488 cum
1037 1454 1091 1488 his
1116 1453 1241 1487 sabulis
1263 1452 1405 1487 Homeri
1427 1453 1612 1500 theogonia
1633 1459 1691 1490 aut
1716 1456 1892 1502 conspiret
1914 1458 1974 1489 aut
1994 1454 2181 1502 discrepet.

453 1530 507 1564 Ac
536 1528 681 1574 primum
713 1528 852 1572 quidem
883 1527 1027 1562 Metidis
1058 1527 1182 1561 nullam
1213 1527 1257 1561 ab
1286 1526 1436 1561 Homero
1467 1528 1674 1563 mentionem
1703 1527 1827 1563 factam
1856 1528 2025 1563 videmus.
2081 1528 2274 1563 Minervam

267 1604 360 1638 enim
390 1601 548 1645 quamvis
580 1601 683 1634 filiam
715 1599 807 1633 lovis
830 1600 1040 1644 saepissime
1074 1598 1183 1637 dicat,
1212 1602 1328 1631 tamen
1349 1610 1415 1631 nec
1444 1602 1587 1632 matrem
1618 1600 1694 1633 eius
1730 1612 1875 1646 usquam
1903 1601 2069 1641 nominat,
2104 1611 2169 1634 nee
2206 1611 2274 1646 quo

262 1674 367 1711 modo
390 1677 473 1708 nata
493 1673 542 1707 sit
562 1671 751 1717 significat,
784 1676 821 1705 ut
844 1671 989 1705 dubitari
1014 1673 1143 1717 possit,
1166 1672 1347 1704 noveritne
1370 1676 1405 1705 et
1434 1673 1628 1716 probaverit
1657 1672 1807 1707 fabulam
1837 1674 1944 1713 illam,
1973 1685 2061 1718 quae
2088 1673 2179 1719 apud
2204 1672 2275 1707 He-

264 1747 401 1784 siodum
432 1745 573 1792 legitur,
606 1757 647 1780 an
676 1744 774 1780 aliter
803 1745 973 1780 statuerit.
1025 1743 1113 1780 Nam
1144 1744 1235 1789 quod
1266 1746 1476 1789 grammatici
1508 1746 1645 1790 quidam
1675 1745 1910 1791 Τριτογένειαν
1939 1748 2202 1791 interpretantur
2226 1758 2276 1780 ex

264 1821 411 1867 capite
433 1821 591 1857 natam,
617 1817 744 1851 nullius
769 1816 813 1851 ad
837 1816 924 1850 hanc
951 1818 1185 1861 quaestionem
1211 1817 1373 1851 momenti
1403 1817 1525 1860 est⁷⁰).
1570 1816 1833 1858 Verumtamen,
1861 1829 1961 1863 quum
1990 1817 2076 1853 alios
2100 1818 2277 1854 Minervae

265 1894 400 1928 natales
427 1893 460 1925 in
492 1890 617 1924 sabulis
638 1890 787 1923 vetustis
810 1901 851 1923 ac
874 1890 1034 1934 genuinis
1062 1889 1140 1923 olim
1167 1889 1311 1924 traditos
1329 1890 1440 1924 fuisse
1460 1889 1551 1924 nullo
1574 1901 1618 1924 ne
1638 1890 1843 1924 tenuissimo
1865 1889 2001 1935 quidem
2031 1891 2177 1935 vestigio
2200 1902 2277 1936 pro-

264 1966 435 2008 betur⁷¹)‚
458 1962 620 2008 equidem
646 1961 834 1996 Homerum
856 1961 1003 1995 eandem
1026 1973 1100 1996 cum
1123 1962 1278 1996 Hesiodo
1304 1962 1454 1997 fabulam
1485 1962 1641 1996 tenuisse
1670 1962 1830 2003 arbitror,
1860 1974 1960 2008 quarn
1988 1962 2079 2008 quod
2106 1974 2276 2007 nusquam

265 2040 396 2074 diserte
417 2039 602 2075 memorat,
633 2035 746 2069 mirari
775 2039 844 2069 tum
874 2034 1012 2068 demum
1041 2034 1177 2074 liceret,
1207 2036 1239 2069 si
1264 2047 1365 2080 quam
1393 2035 1603 2069 rnemorandi
1636 2047 1777 2070 causam
1807 2035 1917 2070 fuisse
1945 2036 2157 2076 videremus,
2188 2046 2278 2080 quae

265 2109 491 2146 demonstrari
512 2108 605 2143 nulla
627 2111 758 2153 potest.
804 2107 929 2152 Neque
951 2108 1257 2153 praetermittenda
1277 2113 1359 2142 sunt
1380 2109 1485 2142 verba
1506 2108 1666 2149 lunonis,
1693 2109 1810 2142 lovem
1832 2110 2054 2154 alloquentis,
2078 2085 2118 2144 11.
2135 2110 2178 2150 V,
2199 2109 2275 2149 880,

267 2182 340 2220 ἐπεὶ
362 2179 495 2225 αὐτὸς
518 2181 652 2229 ἐγείναο
676 2177 767 2215 παῖδ’
787 2177 948 2225 ἆΐὸηλονε
973 2192 1049 2215 nam
1074 2178 1178 2221 αὐτὸς
1208 2194 1273 2216 non
1304 2185 1433 2216 temere
1457 2181 1492 2215 h.
1520 2182 1541 2216 l.
1563 2195 1626 2228 pro
1650 2182 1759 2227 μόνος
1780 2184 1908 2217 «lictum
1937 2184 2134 2228 accipietur,
2163 2195 2277 2227 quam·

266 2260 318 2293 vis
339 2257 516 2292 veteribus
542 2253 748 2300 quibusdam
778 2254 904 2288 criticis
928 2253 1017 2288 hanc
1050 2254 1363 2299 interpretationem
1398 2255 1620 2300 improbatam
1649 2267 1731 2291 esse
1759 2255 1893 2290 scholia
1918 2255 2131 2299 doceant7‘2).
2177 2256 2278 2291 Certe

289 2448 345 2486 69)
386 2445 499 2475 Fuisse
519 2444 573 2483 qui
596 2443 729 2483 primam
751 2442 889 2472 omnium
912 2443 1056 2473 Cererem
1079 2442 1148 2473 lovi
1168 2442 1312 2482 nupsisse
1332 2444 1487 2480 dicerent,
1510 2443 1638 2474 Servius
1659 2445 1750 2476 docet
1770 2446 1809 2475 ad
1830 2446 1915 2485 Virg.
1937 2446 2052 2484 Georg.
2073 2445 2123 2481 lv,
2145 2449 2194 2475 58.

289 2503 345 2539 70)
387 2500 438 2529 Cf.
466 2500 605 2528 Nitzsch.
634 2500 673 2527 ad
695 2498 756 2527 od.
787 2502 860 2526 torn.
888 2501 902 2526 l
932 2509 962 2536 p.
989 2501 1060 2527 213.
1102 2499 1272 2526 Hermann.
1302 2498 1340 2526 de
1370 2498 1493 2527 Graeca
1528 2498 1671 2528 Minerva
1705 2508 1813 2538 opusc.
1844 2499 1920 2535 vll,
1959 2508 1988 2537 p.
2021 2502 2088 2529 277.
2144 2500 2277 2530 Griinm.

381 2553 541 2583 Deutsche
563 2553 699 2592 Mytliol.
722 2552 754 2588 1,
778 2562 808 2590 p.
829 2553 895 2580 148.

288 2610 342 2647 71)
382 2608 463 2637 Nam
484 2607 632 2635 Mnaseae
654 2610 867 2635 commentum
881 2626 889 2640 ‚
911 2606 948 2634 de
970 2607 1134 2645 Coryphe,
1159 2605 1277 2635 Oceani
1299 2605 1383 2641 iilia,
1412 2608 1443 2635 ct
1464 2605 1490 2634 si
1512 2614 1591 2644 quse
1612 2610 1684 2636 sunt
1704 2607 1839 2644 similia,
1869 2607 1899 2637 in
1921 2609 2126 2648 genuinarum
2148 2609 2276 2639 fabulu-

385 2670 453 2690 rum
475 2670 605 2689 numero
626 2670 684 2690 non
707 2660 853 2690 habenda
874 2670 941 2689 csse
962 2667 1100 2700 apparet.

290 2718 344 2754 ⁷2)
385 2715 492 2744 schol.
512 2715 548 2743 B.
568 2714 605 2743 1..
628 2715 667 2742 nd
688 2715 726 2742 ll.
755 2716 775 2743 l.
803 2715 843 2742 l.:
872 2712 988 2745 αὐτὸς
1016 2714 1185 2754 ἓγείναοτ
1212 2713 1301 2745 τοῦτο
1328 2711 1456 2744 δέδωκεν
1476 2712 1621 2754 ἀφορμήν
1639 2712 1770 2754 Ἠσίοδῳ
1798 2712 1830 2746 τὸ
1858 2714 1976 2748 αὑτός
1995 2715 2064 2748 ἀντὶ
2084 2714 2136 2748 τοῦ
2162 2712 2276 2755 μόνος

385 2768 505 2808 λαβεῖν,
527 2764 602 2805 ὅπερ
624 2765 639 2798 ὖ
659 2766 787 2806 ποιητής
808 2766 861 2799 οῦκ
882 2766 976 2804 οἶδεν,
998 2767 1078 2799 ἀλλὰ
1100 2769 1192 2808 λέγει,
1217 2768 1310 2800 ἀνιεῖς
1338 2768 1449 2809 αὐτήν,
1472 2769 1536 2802 ἐπεὶ
1558 2769 1592 2802 ου’
1613 2768 1739 2810 ἀΐδηλον
1759 2769 1856 2809 αὑτήν
1876 2770 2040 2811 ἐγέννησας.
