2466 3210
1065 109 1355 152 —17—

206 241 227 265 ο
250 229 334 266 mari
358 226 519 265 oriundas
540 224 726 270 significari
746 224 965 261 manifestum
988 229 1055 262 est.
1097 225 1137 261 In
1165 226 1306 262 Homeri
1336 225 1544 261 carminibus
1571 235 1684 271 neque
1705 224 1839 261 Pontus
1866 236 2015 273 usquam
2038 226 2128 262 deus
2147 239 2206 274 ap·

204 304 368 350 pellatur,
390 312 502 345 neque
524 299 705 333 liberorum
731 300 808 333 eius
828 300 957 333 mentio
979 300 1031 335 fit2
1056 303 1297 346 praeterquam
1317 299 1463 338 Phorci,
1485 300 1581 333 cuius
1604 300 1672 333 tilia
1695 299 1840 333 Thoosa
1859 311 1904 334 ex
1923 300 2088 346 Neptuno
2101 299 2206 346 Poly-

203 376 363 422 phemum
395 372 547 418 peperit,
580 375 616 406 et
644 371 767 409 Nerei,
805 371 903 405 cuius
933 371 1024 405 filiae
1056 371 1229 406 Nereides
1257 375 1345 406 sunt.
1389 370 1480 405 Nam
1502 370 1594 415 quod
1620 374 1757 405 veteres
1781 370 1918 415 quidam
1939 370 2080 407 Homeri
2102 373 2206 408 inter·

203 451 323 494 pretes
343 454 469 480 nomen
490 442 607 478 harum
629 443 897 489 patronymicum
919 454 1004 478 esse
1025 447 1169 490 negant,
1198 444 1364 489 ipsasque
1387 445 1448 477 aut
1470 441 1596 477 Phorci
1617 445 1674 477 aut
1695 442 1798 476 etiam
1822 441 1957 484 Protei,
1980 456 2081 490 quem
2102 446 2205 483 Hesi-

203 518 291 554 odus
313 518 462 562 ignorat,
484 514 572 549 filias
595 525 700 554 esse,
722 517 852 560 patrem
874 518 989 549 autem
1010 515 1162 550 Nereum
1185 515 1229 549 ab
1251 514 1405 549 Hesiodo
1434 526 1479 549 ex
1504 515 1641 549 nomine
1669 526 1786 549 earum
1812 514 1903 549 male
1929 515 2102 551 intellecto
2123 530 2204 553 con-

204 591 317 625 fictum
337 588 472 627 volunt,
494 587 621 621 nemini
645 585 744 621 facile
767 587 1022 633 persuadebunt
1031 589 1088 632 ⁶⁰).
1133 588 1267 624 Maiore
1295 587 1367 621 iure
1393 586 1438 621 de
1467 585 1581 621 Ponto
1604 585 1756 626 dubita,
1795 586 1942 621 fueritne
1979 587 2024 622 ab
2053 587 2204 626 Homero

208 663 241 697 in
265 661 404 696 deorum
426 671 567 694 numero
590 658 745 700 habitus,
767 671 813 694 an
835 659 916 695 nihil
938 662 1007 695 nisi
1027 673 1122 697 mare
1145 663 1259 708 ipsum
1280 663 1343 703 sit,
1371 662 1489 696 divina
1509 669 1658 706 persona
1688 669 1820 693 carens.
1865 659 1938 694 Sed
1958 660 2044 695 mihi
2069 662 2208 706 quidem

204 733 296 769 baud
318 732 540 778 improbabile
563 732 714 772 videtur,
743 732 777 781 in
800 743 843 767 ea
863 732 1067 778 theogonia,
1095 735 1195 768 cuius
1224 734 1317 780 apud
1337 733 1526 768 Homerum
1554 725 1716 777 dispersa
1750 734 1877 765 tantiam
1901 736 1936 766 et
1957 734 2074 769 tenuia
2101 736 2206 770 vesti·

202 807 259 850 gia
280 809 464 850 apparent,
497 806 600 838 etiam
635 804 747 839 Ponto
777 804 843 839 deo
876 805 985 840 locum
1012 806 1139 846 fuisse,
1173 810 1211 841 ut
1232 807 1364 842 Oceani
1391 811 1426 841 et
1449 804 1602 850 Tethyis
1626 807 1685 838 aut
1712 804 1816 838 etiam
1840 803 1968 838 Terrae
1990 806 2067 840 filio.
2113 807 2205 843 Nam

199 889 291 912 mare
320 889 435 917 omne,
464 878 528 912 abs
558 889 625 922 quo
653 878 710 912 ille
737 889 860 912 nomen
887 878 1009 920 habet,
1047 880 1213 925 originem
1236 879 1279 913 ab
1302 878 1445 914 Oceano
1478 878 1604 913 ducere
1625 876 1777 911 Homero
1805 875 2054 921 videbaturm),
2082 885 2204 917 contra

199 962 299 997 quam
320 949 494 991 Hesiodo,
523 951 581 995 qui
611 950 731 985 dulces
754 953 885 986 tantum
907 963 1016 997 aquas
1047 951 1190 988 Oceano
1222 955 1258 987 et
1289 951 1428 998 Tethye
1457 950 1571 997 gigni,
1608 948 1755 984 Pontum
1785 953 1899 984 autem
1928 950 2004 986 sine
2034 956 2134 998 patre,
2158 966 2203 990 ex

200 1023 305 1058 Terra
327 1023 423 1057 nasci
445 1021 545 1063 facit,
567 1022 850 1068 quemadmodum
872 1024 975 1058 etiam
997 1026 1209 1070 posteriores
1233 1024 1371 1070 quidam
1392 1023 1548 1070 physici,
1570 1022 1719 1057 similem
1741 1023 1909 1056 rationem
1931 1024 2087 1068 sequuti,
2108 1036 2203 1061 mare

198 1095 327 1130 salsum
341 1094 468 1129 Terrae
487 1095 649 1128 sudorem
672 1096 831 1130 dixerunt
839 1096 896 1139 ⁶²).
938 1098 1060 1142 Neque
1084 1099 1200 1133 obstat
1221 1098 1268 1132 illi
1292 1098 1527 1135 coniecturae,
1549 1095 1640 1139 quod
1655 1096 1688 1128 in
1704 1094 1888 1129 Homerica
1899 1096 2084 1141 theogonia
2100 1100 2203 1133 etiam

200 1167 339 1203 Terram
365 1180 406 1202 ac
429 1167 571 1204 Coelum
594 1167 758 1204 Oceanus
777 1170 943 1215 genuisse
964 1169 1114 1211 videtur,
1144 1182 1212 1217 qua
1242 1170 1287 1205 de
1315 1181 1353 1204 re
1381 1168 1497 1215 paullo
1527 1170 1608 1202 ante
1639 1166 1799 1202 diximus.
1852 1166 1980 1209 Quidni
2009 1170 2118 1212 enim,
2148 1170 2203 1208 his

197 1241 391 1286 generatis,
415 1240 563 1275 Pontum
586 1252 720 1287 quoque
743 1241 885 1287 gignere
908 1243 1081 1287 potuerit?
1105 1244 1162 1288 qui
1186 1242 1325 1288 quidem
1350 1242 1447 1277 Coeli
1473 1241 1597 1281 frater,
1627 1241 1783 1275 uterinus
1805 1240 1948 1281 saltem,
1978 1242 2082 1276 etiam
2111 1243 2204 1289 apud

196 1313 389 1349 Hesiodum
419 1318 488 1348 est.
536 1314 778 1349 Verumtamen
801 1314 975 1349 fatendum
999 1319 1072 1353 est.
1109 1315 1235 1360 aliquid
1260 1314 1473 1349 difficultatis
1500 1313 1638 1348 aliunde
1668 1314 1782 1347 obiici.
1830 1312 1968 1358 Quippe
1999 1326 2061 1355 eo,
2100 1327 2203 1360 quem

192 1398 300 1433 supra
322 1387 607 1431 significavimus,
628 1386 723 1427 loco,
746 1386 786 1421 Il.
814 1386 919 1427 XXI,
952 1386 1030 1427 196,
1061 1399 1105 1422 ex
1127 1387 1271 1422 Oceano
1293 1399 1362 1421 non
1384 1387 1494 1421 solum
1516 1397 1611 1420 mare
1634 1396 1752 1425 omne,
1781 1384 1846 1420 sed
1879 1385 1970 1419 fluvii
2000 1397 2138 1432 quoque
2167 1393 2203 1424 et

195 1460 310 1494 sontes
335 1458 548 1498 derivantur,
578 1458 670 1493 unde
693 1470 914 1504 consequeus
939 1459 1045 1493 videri
1075 1458 1197 1499 debet,
1227 1462 1282 1499 ut,
1311 1458 1595 1503 quemadmodum
1625 1456 1772 1491 Pontum
1795 1457 1887 1492 illius
1909 1458 2011 1492 filium
2034 1460 2201 1496 creditum

198 1542 284 1565 esse
311 1535 451 1577 propter
472 1531 561 1565 hunc
590 1531 702 1564 locum
735 1532 968 1571 coniecimus,
997 1532 1050 1565 sic
1078 1532 1179 1565 etiam
1208 1530 1350 1565 sontium
1383 1532 1626 1574 fluviorumque
1659 1531 1798 1564 numina
1835 1530 1993 1564 eiusdem
2015 1533 2072 1566 tilii
2095 1534 2200 1569 filiae·

200 1615 268 1648 que
292 1604 466 1644 dicantur,
490 1608 527 1638 ut
556 1605 599 1638 ab
627 1604 783 1638 Hesiodo
805 1604 931 1638 sactum
958 1605 1130 1639 videmus.
1174 1605 1281 1648 Atqui
1310 1603 1402 1650 apud
1430 1603 1615 1638 Homerum
1644 1607 1762 1637 contra
1788 1607 1854 1637 est.
1905 1604 1996 1640 Nam
2023 1609 2081 1652 qui
2110 1621 2199 1645 unu.

192 1677 284 1723 apud
318 1690 396 1713 eum
424 1679 546 1712 fluvius
577 1690 654 1712 cum
683 1679 793 1722 patris
823 1678 961 1711 nomine
992 1680 1211 1718 memoratur,
1240 1677 1404 1712 Xanthus
1435 1689 1467 1712 s.
1498 1675 1729 1717 Scamander,
1766 1676 1806 1711 ll.
1837 1676 1943 1719 XIV,
1981 1679 2064 1721 434,
2093 1681 2197 1724 lovis,

194 1762 259 1785 non
284 1751 418 1786 Oceani
440 1751 528 1785 filius
551 1754 624 1793 est3
648 1751 798 1795 itemque
820 1750 994 1797 nymphae
1015 1749 1168 1785 Naiades
1187 1753 1222 1785 et
1246 1749 1440 1789 Crenaeae,
1479 1748 1549 1783 Od.
1572 1747 1678 1788 XIII,
1706 1748 1782 1783 356.
1809 1749 1930 1790 xv11,
1961 1751 2043 1793 240,
2072 1756 2198 1799 κοῦραι

193 1821 279 1864 Διὸς
300 1822 463 1870 αἰγιόχοιο
486 1826 582 1858 sunt:
618 1834 706 1868 quae
728 1827 841 1858 autem
865 1822 999 1857 Oceani
1027 1822 1116 1857 filiae
1140 1822 1316 1863 dicuntur,
1349 1823 1486 1858 Perse
1513 1827 1550 1858 et
1579 1823 1843 1868 Eurynome,
1878 1823 1947 1858 Od.
1971 1823 2023 1864 X,
2055 1824 2129 1860 139.
2155 1826 2193 1861 Il.

192 1895 324 1937 XVIII,
345 1896 428 1938 399,
450 1897 515 1932 has
541 1898 584 1931 ab
610 1898 676 1932 hoc
699 1898 901 1931 minutarum
924 1894 1151 1940 nympharum
1180 1907 1325 1941 genere,
1353 1897 1478 1942 quibus
1506 1897 1550 1931 ab
1578 1895 1733 1930 Hesiodo
1761 1896 1933 1930 immixtae
1961 1900 2057 1932 sunt.
2095 1897 2197 1943 longe

191 1967 348 2003 diversas
370 1973 407 2004 et
428 1969 605 2015 dignitatis
624 1969 731 2003 multo
754 1967 929 2013 amplioris
951 1977 1035 2001 esse
1057 1970 1213 2012 apparet.
1259 1967 1333 2002 Sed
1354 1969 1616 2003 inconstantiam
1639 1969 1673 2002 in
1697 1965 1889 2001 huiusmodi
1911 1967 2015 2001 rebus
2038 1969 2195 2013 quisnam

189 2041 386 2075 mirabitur?
408 2042 443 2075 in
464 2041 613 2076 Homero
635 2041 858 2088 praesertim,
884 2039 917 2073 h.
941 2051 971 2073 e.
995 2039 1030 2072 in
1055 2039 1099 2073 iis
1123 2040 1350 2080 carminibus,
1374 2052 1461 2086 quae
1487 2053 1599 2086 neque
1623 2042 1789 2079 hominis,
1814 2050 1924 2083 neque
1945 2043 2113 2088 temporis
2136 2047 2198 2078 aut

191 2112 254 2146 loci
275 2115 375 2149 unius
399 2126 485 2150 esse
522 2118 672 2149 constat.
726 2113 904 2153 Ceterum,
937 2113 1094 2158 quoniam
1122 2112 1343 2158 Eurynomae
1378 2117 1413 2148 et
1443 2113 1575 2149 Persae
1598 2115 1806 2149 mentionem
1837 2113 2036 2154 iniecimus,
2075 2114 2195 2151 harum

189 2184 313 2227 altera,
336 2197 425 2231 quae
449 2187 541 2233 apud
563 2186 755 2222 Hesiodum
779 2185 970 2220 Gratiarum
992 2188 1100 2220 mater
1121 2188 1196 2226 est,
1228 2188 1263 2219 et
1295 2185 1327 2219 in
1351 2184 1418 2219 alia
1440 2185 1587 2231 quadarn
1611 2186 1797 2232 theogonia
1816 2184 2003 2232 Ophionis,
2037 2187 2117 2222 eius
2139 2189 2196 2235 qui

189 2262 268 2293 ante
289 2258 474 2295 Saturnum
495 2259 611 2295 mundi
631 2260 808 2307 imperium
831 2259 966 2299 habuit,
994 2259 1117 2293 coniux
1148 2258 1225 2300 suit,
1254 2270 1313 2293 cur
1344 2258 1456 2293 locum
1488 2260 1523 2293 in
1545 2258 1780 2294 Oceanidibus
1809 2258 2003 2294 obtinuisse
2027 2259 2194 2304 videatur,

214 2442 269 2478 50)
309 2442 414 2473 Schol.
433 2445 469 2472 V·
491 2445 530 2474 ad
551 2445 588 2473 ll.
608 2445 719 2480 xull,
740 2447 797 2473 38:
816 2443 1025 2483 πλανηθέντες
1037 2441 1068 2473 οἱ
1082 2447 1151 2482 περὶ
1167 2440 1309 2473 Ἡσίοδον
1325 2445 1449 2481 Νηρέως
1461 2441 1639 2481 ἀνέγραψαν
1655 2445 1810 2482 θυγατέρα
1818 2444 1859 2482 [c]
1877 2447 1929 2473 καὶ
1949 2446 2040 2474 Θέτιν
2059 2446 2119 2484 [καὶ
2140 2444 2194 2476 τός

307 2495 489 2537 Νηρεΐδασ],
511 2498 564 2530 τοῦ
583 2498 710 2538 ποιητοῦ
731 2496 817 2538 παρὰ
838 2496 870 2530 τό
891 2501 953 2530 νεῖν
973 2496 1029 2537 τήν
1047 2496 1126 2534 λέξιν
1144 2500 1363 2537 ποιησαμένου,
1387 2494 1463 2528 ὅθεν
1482 2501 1533 2528 καὶ
1554 2497 1641 2537 νῆσος
1658 2504 1707 2530 καὶ
1730 2497 1838 2538 ναρὸν,
1867 2497 1902 2531 τὰ
1923 2499 2094 2538 ῥευστικόν.
2114 2495 2193 2540 ἦσαν

304 2546 336 2578 δε
355 2550 519 2590 Πρωτέως,
540 2557 648 2593 φησιν,
668 2550 691 2592 ἦ
711 2551 878 2594 Φόρκυνος.
900 2548 983 2584 οἷτοι
1001 2551 1059 2593 yde
1078 2555 1211 2593 γέροντες
1231 2551 1346 2582 ἰνσὶλιοι
1364 2550 1429 2582 κτλ.

210 2604 264 2640 51)
304 2604 340 2632 ll.
361 2605 450 2640 xxt,
467 2610 545 2650 ψει
1141 2610 1217 2646 μέγα
1236 2608 1342 2636 σθένος
1360 2604 1531 2641 vuarato,

781 2660 813 2698 ἐξ
832 2658 926 2703 οἷπερ
945 2661 1055 2695 πάντες
1075 2666 1207 2702 ποταμοὶ
1226 2665 1277 2692 καὶ
1295 2659 1380 2692 πᾶοοι
1396 2659 1556 2697 θάλασσα,

777 2722 828 2748 καὶ
848 2718 947 2749 πᾶσαι
965 2717 1072 2757 κρῆναι
1093 2722 1144 2748 καὶ
1164 2720 1292 2757 φρείατα
1313 2715 1416 2754 paxo&
1437 2716 1570 2746 νάουσιν.

207 2765 261 2804 52)
302 2764 425 2797 Luci-et.
445 2767 479 2804 V,
500 2771 568 2799 488.
