2466 3210
1064 161 1352 206 ..19-

209 281 277 317 sed
310 282 449 317 nomine
485 278 613 318 celato,
649 288 750 323 quem
784 278 1010 314 Cerberum
1037 278 1216 314 Hesiodus
1245 279 1348 320 dixit,
1377 279 1418 314 u.
1452 278 1556 320 VIII,
1578 278 1656 314 367.
1684 279 1755 314 Od.
1779 279 1848 321 XI,
1870 280 2003 325 367⁶0).
2049 279 2211 326 Denique

211 353 450 397 Chimaera,
477 351 517 386 ll.
542 350 609 391 Vl,
632 350 695 387 179
717 363 808 397 sqq„
840 350 977 397 πρόσθε
998 349 1106 394 λέων,
1131 348 1260 386 ὄπιθεν
1279 351 1315 386 δὲ
1337 351 1495 397 δράκων,
1523 351 1631 397 μέσση
1659 351 1695 387 δὲ
1719 353 1875 398 χίμαιρα,
1906 355 2040 399 qualem
2067 357 2213 390 monstri

208 427 349 473 figuram
370 425 473 459 etiam
494 422 671 459 Hesiodus
692 424 873 465 describit,
905 423 971 458 Th.
993 436 1028 458 v.
1050 423 1110 459 321
1137 435 1180 469 sq
1240 423 1314 460 Sed
1339 424 1464 461 nullius
1486 424 1606 460 horum
1627 429 1788 471 parentes
1810 425 1855 461 ab
1884 424 2035 461 Homero
2058 426 2212 462 iudican-

209 503 272 533 tur.
292 498 418 541 Neque
434 497 589 531 Thaum
600 499 732 538 antis,
754 498 811 543 qui
827 499 906 532 item
919 497 1010 543 apud
1024 497 1217 532 Hesiodum
1231 495 1332 531 Ponti
1355 498 1443 532 filius
1459 500 1527 538 est,
1550 497 1694 541 eiusque
1708 499 1825 533 uxoris
1840 498 2058 540 Electrae,
2075 499 2211 535 Oceani

214 571 322 609 tiliae,
344 569 414 604 ulla
435 570 478 604 ab
502 570 654 604 Homero
680 572 809 605 mentio
835 571 887 610 fit,
917 570 998 604 licet
1019 582 1102 610 eas,
1134 581 1222 615 quae
1246 570 1302 604 his
1324 571 1368 605 ab
1391 571 1497 605 altero
1520 574 1626 615 poeta
1646 571 1734 605 filiae
1758 570 1895 610 dantur,
1918 569 2152 617 Harpyias,
2176 573 2211 606 in

208 641 332 686 quibus
354 640 552 688 Podargen,
573 642 728 677 Hesiodo
751 643 920 688 ignotam,
944 643 1093 688 itemque
1117 641 1295 682 hidem,
1320 643 1460 678 deorum
1483 644 1655 683 nuntiam,
1679 644 1863 688 aliquoties
1891 645 2045 679 nominet
2056 645 2111 688 ⁶¹).

348 714 388 750 In
409 714 513 751 Ponti
534 718 698 763 progenie
720 716 811 763 apud
833 715 1022 751 Hesiodum
1045 717 1148 751 etiam
1170 715 1356 751 Echidna
1376 717 1502 760 est⁶²),
1525 728 1613 762 quae
1637 715 1863 761 Typhoeo,
1888 717 2020 753 Tartari
2044 718 2129 758 lilio,
2154 729 2211 752 co·

205 788 349 834 pulatnr.
392 787 485 823 Illam
510 788 680 823 Homerus
705 799 893 833 nunquam,
919 788 1124 835 Typhoeum
1145 799 1213 822 uno
1237 788 1312 823 loco
1335 790 1503 830 nominat,
1533 787 1572 825 Il.
1595 787 1643 829 11,
1667 786 1742 823 782.
1765 787 1807 829 3,
1834 788 1897 824 sed
1927 790 2036 824 obiter
2064 794 2100 825 et
2130 790 2210 826 sine

206 860 313 904 patris
334 861 518 895 mentione.
564 861 811 895 Verumtamen
834 873 936 905 quum
960 861 1070 895 cubile
1092 862 1169 895 eius
1194 859 1230 894 ἐν
1253 858 1406 904 Ἀρίμοις
1428 865 1689 900 commemoret,
1713 862 1826 905 quoin
1845 861 1920 894 loco
1936 863 2037 895 etiam
2050 862 2210 896 Echidna

203 932 359 968 habitare
373 934 416 968 ab
439 935 594 969 Hesiodo
617 936 755 974 dicitur,
778 935 1009 978 infestumque
1030 946 1108 968 eum
1132 933 1203 967 lovi
1225 946 1308 968 esse
1330 939 1366 968 et
1389 935 1584 968 fulminibus
1598 935 1771 968 verberari
1786 936 1975 979 significet,
1994 946 2062 968 non
2075 939 2207 969 temere

204 1005 383 1047 coniicias,
405 1006 510 1042 etiam
536 1005 680 1042 fabulam
704 1006 748 1042 de
772 1007 955 1042 certamine
982 1006 1058 1042 eius
1081 1019 1156 1041 cum
1180 1004 1278 1047 Iove,
1301 1007 1399 1042 cuius
1421 1004 1600 1041 Hesiodus
1623 1007 1728 1042 testis
1750 1011 1823 1047 est,
1852 1006 2000 1041 Homero
2023 1020 2088 1042 non
2112 1009 2207 1052 igno·

201 1081 270 1111 tam
293 1077 414 1112 fuisse.

346 1152 448 1184 Ponti
471 1153 624 1194 posteris
646 1154 850 1196 percensitis
872 1156 1062 1195 sequuntur
1083 1152 1174 1197 apud
1199 1152 1392 1184 Hesiodum
1415 1153 1439 1184 ii
1447 1159 1457 1190 ,
1490 1151 1547 1194 qui
1570 1162 1591 1182 a
1614 1151 1797 1184 Titanibus
1825 1152 1988 1196 originem
2011 1150 2149 1190 ducunt,
2171 1154 2207 1184 et

202 1225 345 1270 primum
367 1225 503 1269 quidem
533 1226 576 1259 ab
600 1226 754 1260 Oceano.
809 1226 882 1259 Sed
909 1227 999 1259 hune
1021 1226 1173 1259 Homero
1201 1228 1232 1259 in
1265 1227 1448 1260 Titanibus
1476 1238 1544 1258 non
1572 1238 1674 1265 esse,
1703 1227 1768 1258 sed
1799 1228 2051 1269 progenitorem
2079 1226 2206 1268 potius,

203 1296 295 1334 sicut
317 1299 508 1333 ceterorum
531 1297 700 1340 omnium,
727 1298 775 1334 ita
800 1298 904 1335 etiam
929 1296 1087 1334 Titanum
1111 1297 1230 1335 haberi
1253 1299 1319 1335 iam
1344 1310 1448 1344 supra
1468 1297 1624 1334 vidimus.
1669 1297 1914 1343 Reliquorum,
1945 1298 2003 1343 qui
2026 1298 2061 1332 in
2083 1297 2139 1333 his
2160 1297 2205 1333 ab

189 1369 356 1404 'Hesiodo
379 1374 613 1411 numerantur,
655 1371 744 1405 nulla
768 1382 811 1405 ne
836 1371 973 1405 minima
997 1369 1132 1416 quidem
1156 1370 1248 1418 apud
1270 1370 1466 1406 Homerium
1491 1370 1618 1405 mentio
1650 1369 1700 1412 fit,
1737 1373 1875 1417 praeter
1897 1350 2052 1417 Iapetum
2084 1372 2119 1405 et
2142 1368 2204 1406 Sa-

199 1448 351 1476 turnum:
375 1445 433 1485 qui
455 1448 567 1476 autem
593 1445 689 1477 liberi
714 1445 872 1477 Titanum
895 1445 939 1476 ab
964 1445 1020 1477 illo
1043 1445 1279 1489 perhibentur,
1309 1454 1510 1487 quamquam
1534 1443 1684 1476 nonnulli
1712 1444 1812 1476 etiarn
1836 1443 1988 1476 Homero
2012 1443 2083 1476 noti
2111 1446 2204 1481 sunt,

201 1515 281 1550 sciri
305 1519 419 1550 tamen
445 1528 512 1550 non
535 1520 671 1561 potest,
696 1517 886 1552 eaudemne
912 1518 954 1551 iis
978 1530 1022 1551 an
1044 1518 1144 1551 aliam
1167 1519 1332 1561 originem
1357 1517 1530 1550 tribuerit:
1562 1516 1780 1558 quamobrem
1810 1517 1875 1550 hos
1899 1528 2020 1549 omnes
2045 1528 2135 1549 nunc
2157 1517 2202 1549 si-

199 1586 302 1623 lentio
330 1589 644 1635 praetermittimus.
690 1589 814 1634 Neque
842 1600 886 1623 ex
910 1588 1018 1635 Iapeti
1046 1589 1125 1624 filiis
1147 1588 1251 1624 ullum
1272 1588 1442 1625 Homerus
1466 1592 1629 1624 memorat
1649 1591 1786 1634 praeter
1810 1587 2049 1628 Atlantem,
2072 1587 2138 1622 sed
2157 1600 2201 1623 ne

199 1660 289 1695 hunc
313 1660 449 1705 quidem
472 1672 547 1695 cum
572 1662 678 1707 patris
701 1661 959 1706 designatione:
992 1671 1148 1706 quaeque
1175 1661 1219 1696 de
1249 1672 1291 1695 eo
1320 1664 1512 1701 narrantur,
1541 1660 1694 1695 nonnihil
1725 1659 1768 1693 ab
1791 1658 1978 1702 Hesiodeis
2001 1659 2200 1706 discrepare

198 1733 373 1772 videntur,
400 1745 467 1777 qua
491 1734 535 1767 de
557 1746 593 1767 re
616 1746 705 1767 nunc
730 1735 924 1768 accuratius
946 1734 1122 1780 disputare
1144 1734 1229 1768 nihil
1254 1745 1342 1779 opus
1366 1734 1486 1776 est⁶³).
1531 1732 1653 1767 Filiam
1685 1733 1762 1766 eius
1787 1732 1978 1777 Calypso
2001 1732 2100 1772 dicit,
2130 1743 2198 1777 quo

197 1807 334 1840 nomine
357 1806 542 1851 nympham
570 1807 661 1852 apud
686 1807 876 1841 Hesiodum
904 1808 936 1841 in
963 1807 1199 1842 Oceanidibus
1222 1807 1409 1845 habemus,
1445 1806 1568 1850 plane,
1596 1810 1632 1839 ut
1660 1810 1821 1850 apparet,
1852 1806 1895 1839 ab
1926 1805 1990 1838 hac
2016 1805 2200 1839 Homerica

196 1877 378 1914 diversam.

338 1951 566 1987 Pervenimus
590 1953 658 1986 iam
680 1952 724 1986 ad
750 1952 886 1987 Saturni
910 1956 946 1987 et
967 1952 1239 1993 Rheaeliberos‚
1257 1953 1315 1999 qui
1332 1962 1398 1986 sex
1421 1954 1501 1985 sunt
1518 1950 1608 1998 apud
1627 1950 1833 1991 Hesiodum,
1860 1950 2017 1990 Vesta,
2041 1949 2197 1990 Ceres,

200 2025 326 2064 luno,
349 2025 495 2064 Pluto,
519 2025 771 2069 Neptunus,
795 2026 968 2068 Iupiter.
1014 2025 1067 2058 Ex
1089 2026 1146 2058 his
1161 2025 1332 2059 Homerus
1349 2025 1494 2058 Vestam
1517 2034 1579 2056 nec
1603 2024 1750 2055 nominat
1772 2034 1836 2055 nec
1852 2034 1958 2055 nosse
1981 2022 2129 2060 videtur,
2162 2021 2197 2054 id

200 2097 290 2141 quod
311 2098 377 2132 iam
398 2098 443 2132 ab
467 2098 544 2132 aliis
567 2099 786 2133 observatum
810 2103 875 2133 est.
922 2097 1082 2132 Cererem
1105 2098 1275 2131 iisdemne
1299 2109 1341 2130 an
1364 2097 1440 2130 aliis
1453 2091 1650 2140 parentibus
1667 2099 1779 2128 natam
1796 2094 1924 2132 credat,
1948 2106 2115 2137 nusquam
2137 2107 2197 2137 ap-

196 2172 311 2213 paret:
335 2181 446 2216 neque
460 2175 572 2207 tamen
591 2183 697 2207 causa
714 2174 786 2212 est,
806 2183 864 2206 cur
879 2170 1029 2207 fabulam
1043 2171 1170 2206 ceteris
1186 2168 1343 2204 omnibus
1366 2180 1579 2204 communem
1603 2180 1668 2202 non
1690 2167 1732 2201 ab
1756 2168 1834 2213 ipso
1857 2178 1992 2212 quoque
2018 2170 2197 2212 acceptam

197 2243 399 2276 statuamus.
445 2244 583 2289 Reliqui
608 2248 766 2289 quattuor
788 2243 927 2278 disertis
950 2243 1065 2278 verbis
1080 2242 1217 2277 Saturni
1241 2249 1276 2277 et
1298 2241 1420 2276 Rheae
1444 2241 1539 2275 liberi
1554 2250 1637 2274 esse
1652 2238 1826 2279 dicuntur,
1848 2238 1913 2272 sed
1931 2238 2014 2273 ordo
2029 2240 2196 2275 nascendi

197 2313 355 2350 diversus
378 2321 442 2350 est.
486 2317 575 2351 Nam
597 2317 689 2363 apud
710 2317 899 2351 Hesiodum
923 2318 1033 2362 prima
1053 2316 1168 2350 Vesta
1189 2316 1360 2355 nascitur,
1391 2314 1515 2349 deinde
1543 2313 1665 2352 CereS,
1694 2316 1775 2358 post
1802 2312 1891 2346 hanc
1919 2312 2022 2352 luno,
2053 2316 2196 2357 quartus

311 2501 569 2539 nobilis-imums
580 2503 706 2533 etiamsi
725 2513 785 2533 non
805 2503 922 2532 diserte
942 2504 1110 2537 memoret,
1131 2504 1240 2530 notum
1262 2505 1364 2530 tamen
1384 2498 1500 2534 fuisse,
1523 2506 1582 2526 non
1604 2496 1749 2535 intelligo
1770 2505 1832 2534 qua
1851 2496 1973 2526 ratione
1993 2496 2188 2527 diffiteamur

311 2553 350 2582 Et
370 2554 461 2584 video
481 2556 528 2586 sic
548 2557 643 2587 etiam
664 2557 858 2596 Lennepium
879 2556 1016 2585 iudicare
1037 2567 1068 2595 p.
1088 2557 1157 2584 238.

217 2606 271 2642 60)
311 2606 360 2634 Cf.
379 2608 512 2639 Pau-nn.
532 2612 594 2646 Ill,
615 2614 672 2645 25,
692 2613 721 2638 4.

216 2659 271 2699 61)
312 2660 350 2690 ll.
371 2661 457 2698 xvl,
480 2665 545 2694 150.
585 2665 641 2695 od.
665 2664 696 2700 l,
717 2665 786 2693 241.
805 2664 880 2700 XX,
901 2666 948 2693 77.

219 2715 273 2751 62)
314 2714 381 2743 Non
402 2716 481 2744 suti·
505 2717 621 2755 liquet,
650 2723 754 2748 utrum
775 2718 891 2747 Phorci
912 2727 981 2747 eam
1003 2720 1035 2746 et
1062 2717 1207 2753 Cetonia,
1235 2727 1273 2746 an
1300 2713 1487 2754 Chrysaoris
1513 2717 1544 2742 et
1572 2712 1770 2742 Canii-chone
1799 2712 1900 2742 filiam
1930 2712 2028 2741 dicat:
2055 2712 2109 2740 sed
2137 2712 2194 2742 iun

313 2773 417 2798 tamen
438 2770 542 2800 verior
561 2772 778 2814 interpretatio
798 2773 934 2804 videtur.
975 2772 1024 2802 Cf.
1044 2773 1184 2803 Mfitzell.
1206 2783 1234 2811 p.
1253 2773 1321 2801 452.

219 2823 272 2860 63)
313 2823 403 2852 Conf.
421 2823 651 2864 Naegelsbach.
673 2828 719 2859 th.
737 2828 832 2859 Hom.
853 2839 884 2869 p.
902 2831 939 2859 81
961 2838 1047 2868 sqq„
1067 2827 1156 2859 cuius
1175 2824 1361 2856 senteutiam
1381 2833 1442 2866 ego
1463 2823 1630 2855 admodum
1652 2821 1847 2863 probabilem
1868 2830 1991 2851 censeo.

1779 2889 1825 2925 3.
