2466 3210
1075 161 1372 205 ...23—

222 278 487 314 coniunctiorem
508 277 581 313 lovi
604 277 793 312 Minervam
822 281 860 313 et
880 277 1044 313 cariorem
1066 288 1167 323 quam
1189 280 1327 312 ceteros
1350 278 1438 313 deos
1466 289 1552 313 esse
1581 290 1650 312 non
1673 278 1784 313 semel
1805 280 1896 326 apud
1918 280 2105 316 Homerum
2126 292 2232 327 appa-

224 354 294 392 ret,
314 351 406 386 unde
431 351 485 392 fit,
507 354 561 392 ut,
584 351 616 385 si
638 351 773 396 quando
794 352 907 386 minus
931 351 1018 386 haec
1039 352 1129 398 patri
1151 351 1380 396 obtemperet,
1403 354 1498 386 tanto
1524 352 1665 396 aegrius
1686 351 1721 386 id
1744 351 1788 386 ab
1812 363 1854 386 eo
1889 352 2083 397 seratur⁷³).
2129 352 2231 394 Quae

223 426 339 458 autem
360 422 448 457 ratio
470 422 530 456 isti
552 421 689 457 fabulae
711 423 845 458 inclusa
874 423 936 463 sit,
966 426 1004 457 ut
1031 428 1141 457 matre
1162 422 1324 457 devorata
1356 423 1458 457 filiam
1486 424 1565 469 ipse
1593 416 1778 469 peperisse
1801 423 1987 464 diceretur,
2018 437 2087 459 non
2112 426 2230 471 inepte

224 499 364 530 veteres
385 494 559 538 allegorici
587 499 820 541 exposuerunt
828 496 888 539 ⁷⁴).
941 495 1016 531 Sed
1045 497 1077 529 in
1106 495 1296 540 theogonia
1322 495 1540 531 devorandae
1569 495 1713 530 Metidis
1733 507 1801 530 nou
1832 496 1922 530 lianc
1952 498 2062 531 solum
2090 509 2230 532 causam

226 566 393 603 babuisse
413 563 542 612 Iupiter
563 564 700 607 dicitur,

766 637 813 681 ὥς
837 639 873 674 οἱ
893 640 1155 686 συμφράσσαιτο
1177 639 1245 675 θεὰ
1267 638 1400 687 ἀγαθόν
1422 652 1458 676 τε
1484 640 1596 677 κακόν
1620 641 1673 684 τέ,

225 716 292 751 sed
315 716 418 750 etiam
440 724 563 747 cavere
591 713 763 755 voluisse,
791 726 837 749 ne
863 726 965 759 quem
987 714 1044 748 illa
1077 715 1181 748 filium
1207 718 1346 759 pareret
1376 719 1471 761 patre
1501 715 1695 749 fortiorem:
1734 716 1787 748 cui
1816 717 1997 750 narrationi
2028 715 2117 750 baec
2146 715 2234 749 ratio

226 789 368 829 subest,
391 786 484 832 quod
508 786 687 832 imperium
709 799 750 821 ac
775 791 934 833 potestas
960 787 1052 822 Iovis
1065 788 1199 833 absque
1214 788 1386 832 sapientia
1402 793 1561 823 constare
1579 800 1647 823 non
1666 800 1777 833 posse
1797 788 2061 833 intelligebatur.
2095 788 2235 829 Quodsi

226 862 330 897 lilium
353 860 460 896 Metis
481 864 633 907 pareret,
661 859 751 895 bunc
774 866 1043 897 consentaneum
1071 864 1146 896 erat
1173 861 1249 907 pari
1269 872 1345 895 cum
1368 865 1475 896 matre
1503 862 1678 908 sapientia
1705 862 1798 901 tore,
1829 861 1977 906 ideoque
2004 866 2101 908 patre
2129 863 2234 897 etiam

228 935 490 981 sapientiorem:
512 932 789 977 quandoquidem
811 934 890 980 plus
911 934 955 969 de
977 936 1094 970 matris
1120 936 1257 980 ingenio
1280 947 1356 969 cum
1375 934 1441 969 filio
1464 946 1564 979 quam
1586 934 1631 969 de
1652 935 1770 969 uxoris
1792 946 1868 968 cum
1899 935 2020 968 marito
2048 934 2232 968 communi-

228 1010 333 1041 catur.
367 1005 563 1051 Sapientior
574 1008 689 1039 autem
704 1009 801 1051 patre
818 1017 883 1039 non
898 1010 1031 1052 poterat
1043 1018 1110 1041 non
1124 1008 1227 1042 etiam
1241 1007 1414 1053 potentior
1429 1007 1588 1042 evadere.
1617 1005 1717 1040 Hanc
1739 1005 1782 1040 ob
1799 1017 1938 1041 causam
1955 1005 2081 1051 Iupiter
2091 1009 2233 1040 matrem

227 1080 307 1124 ipse
328 1082 433 1113 totam
454 1078 585 1112 imbibit
606 1079 877 1122 sapientiamque
899 1080 975 1113 eius
997 1092 1095 1114 suam
1120 1081 1189 1113 sibi
1210 1081 1380 1125 propriam
1401 1079 1505 1112 facit:
1530 1091 1596 1123 quo
1621 1080 1713 1112 sacto
1737 1079 1840 1111 filium
1862 1079 1922 1111 illa
1937 1090 2056 1123 parere
2078 1090 2145 1111 non
2168 1079 2234 1111 iam

227 1153 363 1198 potest,
386 1160 474 1195 quae
496 1153 612 1202 autem
637 1162 680 1184 ex
703 1151 780 1196 ipso
801 1151 868 1185 tilia
891 1153 1061 1192 nascitur,
1083 1152 1260 1198 particeps
1275 1151 1412 1197 quidem
1434 1153 1640 1197 sapientiae,
1661 1163 1762 1196 quam
1779 1155 1878 1196 pater
1889 1152 2086 1191 imbiberat,
2111 1162 2235 1195 nequa-

231 1234 331 1268 quam
352 1225 468 1257 tamen
489 1226 588 1269 patre
611 1224 798 1270 sapientior
821 1224 921 1267 fit⁷⁶).

418 1296 536 1330 Horae
557 1300 787 1331 memorantur
809 1296 946 1342 quidem
968 1298 1011 1332 ab
1033 1297 1201 1338 Homero,
1228 1297 1293 1332 sed
1321 1308 1435 1343 neque
1469 1309 1625 1331 numerus
1653 1308 1769 1331 earum
1791 1308 1907 1341 neque
1936 1301 2099 1343 parentes
2123 1307 2236 1340 neque

230 1370 368 1403 nomina
396 1369 596 1403 indicantur.
650 1368 762 1403 Unum
790 1370 833 1403 iis
862 1382 986 1405 munus
1015 1370 1189 1411 tribuitur,
1218 1374 1258 1405 ut
1286 1369 1382 1405 Coeli
1415 1369 1621 1416 Olympique
1648 1373 1765 1417 portas
1795 1370 1947 1417 pandant
1980 1369 2236 1415 recludantque,

230 1443 340 1477 densa
361 1443 451 1476 uuhe
473 1447 532 1477 aut
552 1447 685 1477 remota
706 1446 765 1476 aut
787 1443 950 1483 obducta,
977 1442 1014 1477 Il.
1036 1444 1082 1484 V,
1103 1443 1177 1478 749.
1200 1443 1302 1483 vlu,
1324 1442 1405 1477 39⁵2:
1436 1443 1578 1478 easdem
1598 1445 1762 1489 temporis
1789 1443 1973 1477 decursum
2000 1442 2169 1477 moderari
2193 1453 2238 1476 ex

232 1515 273 1550 ll.
295 1515 401 1555 XXI,
423 1515 507 1555 450,
530 1516 745 1560 intelligitur:

257 1681 312 1720 73)
352 1681 422 1711 Vid.
443 1682 481 1711 Il.
500 1681 590 1717 vm,
621 1684 684 1711 405
707 1682 747 1711 cl.
765 1684 833 1711 372.
873 1682 956 1712 Hine
976 1682 1072 1711 etiam
1093 1682 1275 1712 dubitarunt
1301 1681 1501 1721 grammatici
1527 1683 1564 1710 de
1589 1682 1626 1710 ll.
1650 1682 1683 1716 1,
1710 1684 1786 1717 400,
1813 1681 1868 1709 ubi
1894 1681 2035 1709 Miner-va
2060 1680 2138 1708 olim
2165 1687 2237 1707 cum

350 1735 466 1765 Iunone
486 1739 519 1766 et
538 1734 681 1775 Neptuno
703 1735 809 1765 Iovem
829 1735 948 1766 vincire
969 1734 1109 1765 voluisse
1129 1735 1263 1774 dicitur,
1284 1735 1523 1776 Apollinemque
1544 1745 1599 1776 pro
1620 1745 1658 1766 ea
1676 1734 1871 1766 nominatum
1892 1735 2080 1765 maluerunt.
2117 1733 2235 1772 Quam-

350 1802 444 1830 quam
464 1802 525 1820 non
544 1792 625 1820 hanc
646 1801 739 1820 unam
760 1792 923 1820 dubitandi
943 1801 1070 1820 causam
1092 1791 1192 1819 fuisse
1212 1792 1308 1820 facile
1328 1792 1472 1819 concedo.
1512 1790 1562 1818 Cf.
1583 1790 1707 1818 Lobeck
1739 1790 1896 1829 Aglaoph.
1917 1799 1947 1827 p.
1968 1792 2027 1817 257
2046 1792 2111 1816 not·
2132 1797 2158 1816 e.

258 1846 312 1885 74)
353 1846 503 1886 Singulos
523 1845 650 1875 laudare
671 1854 937 1883 supervacaneum
958 1849 1016 1874 eet.
1058 1845 1200 1875 Revocat
1219 1850 1325 1875 autem
1353 1844 1433 1874 mihi
1460 1844 1513 1873 hic
1536 1845 1622 1873 locus
1652 1843 1834 1873 memoriam
1856 1842 2069 1881 Chrysippeae
2095 1840 2238 1880 disputa-

351 1900 464 1936 tionis,
494 1910 513 1929 a
534 1900 653 1928 Galeno
676 1905 857 1937 excerptae,
888 1899 934 1927 De
954 1899 1105 1938 Hippocr.
1127 1904 1158 1929 et
1178 1900 1260 1929 Plat.
1281 1899 1403 1939 dogm„
1432 1902 1508 1928 tom.
1528 1897 1553 1926 V
1574 1907 1603 1936 p.
1623 1899 1680 1926 349
1701 1897 1841 1932 Kuehn.,
1873 1904 2081 1934 versuumque
2108 1894 2238 1924 undevi-

354 1955 452 1994 ginti,
474 1963 552 1992 quoa
573 1955 628 1982 ille
650 1962 705 1991 pro
726 1953 895 1981 Hesiodeis
916 1952 1086 1989 citaverat,
1114 1954 1152 1982 de
1173 1954 1334 1983 Minervae
1355 1953 1525 1983 natalibus.
1566 1953 1633 1981 flo-
1654 1952 1735 1981 enim
1756 1961 1865 1981 versus
1892 1951 2033 1989 plerique
2058 1959 2114 1988 pro
2136 1951 2238 1979 mani-

352 2010 528 2040 festissimo
549 2009 735 2037 documento
758 2008 952 2043 habuerunt,
974 2008 1069 2047 longe
1090 2007 1248 2037 diversum
1270 2009 1310 2037 ab
1332 2017 1388 2043 eo,
1418 2007 1501 2045 quod
1521 2016 1577 2035 nos
1598 2007 1767 2040 habemus,
1795 2006 1985 2044 theogoniae
2013 2005 2190 2042 exemplum
2219 2013 2239 2032 a

353 2063 529 2102 Chrysippo
552 2063 668 2091 lectum
690 2071 775 2090 esset
798 2070 894 2096 unus,
917 2061 999 2099 qood
1020 2062 1138 2097 sciam,
1170 2062 1371 2098 Miitzellius,
1400 2062 1438 2090 de
1460 2071 1520 2090 em.
1543 2062 1650 2100 theog.
1671 2071 1699 2100 p.
1720 2063 1795 2097 367,
1826 2070 1884 2088 non
1906 2069 1941 2088 ex
1967 2058 2154 2099 theogonia,
2183 2059 2238 2088 aed

355 2129 391 2147 ex
413 2118 477 2147 alio
498 2118 631 2156 quodam
654 2117 809 2151 carmine,
841 2116 1028 2154 theogoniae
1050 2116 1124 2145 olim
1150 2117 1334 2151 subiuncta,
1363 2127 1417 2144 eos
1444 2117 1535 2145 citari
1556 2116 1724 2149 iudicavit,
1754 2115 1841 2142 cuius
1863 2114 1970 2142 iudicii
1991 2113 2158 2142 veritatem
2179 2122 2241 2152 ego

357 2172 438 2202 mihi
456 2172 566 2202 videor
587 2169 772 2200 certissimis
793 2169 987 2210 argumentis
1016 2179 1052 2199 ex
1079 2170 1156 2209 ipsis
1177 2170 1346 2211 Chrysippi
1373 2170 1480 2201 verbis
1499 2170 1672 2209 desumptis
1692 2171 1927 2209 comprobasse,
1957 2168 1986 2198 in
2013 2168 2088 2199 diu.
2109 2169 2148 2199 de
2170 2168 2244 2200 fale.

356 2228 447 2257 indic.
472 2229 572 2256 lacun.
596 2228 641 2255 th.
663 2227 724 2261 u.,
743 2235 813 2254 unn.
838 2227 912 2253 1843
932 2225 1034 2260 edita,
1058 2236 1087 2263 p.
1107 2228 1249 2253 21—25.
1268 2242 1307 2246 —
1348 2226 1495 2253 Ceterum
1523 2231 1698 2263 postremos
1727 2230 1874 2262 quattuor
1892 2233 2019 2259 versus,
2046 2224 2085 2252 de
2106 2232 2241 2263 quoru-

357 2281 572 2311 emendatione
593 2280 683 2309 multi
705 2279 824 2308 frustra
845 2279 1042 2313 laborarunt,
1063 2289 1141 2307 nunc
1163 2279 1206 2308 ita
1227 2280 1434 2308 emendandos
1455 2289 1581 2308 censeo:

659 2330 764 2362 Ἔνθα
784 2330 845 2362 θεαὶ
866 2331 1041 2372 παρέλεχθζ
1062 2330 1084 2372 ἢ
1100 2333 1157 2372 μὲν
1176 2334 1256 2372 (pro
1276 2332 1442 2372 παρέλεκτο
1462 2333 1576 2372 Θέμις)
1603 2331 1760 2371 παλάμαις
1779 2334 1847 2372 περὶ
1868 2330 1992 2361 πάντων

665 2387 835 2420 ἀθανάτων
855 2387 1005 2423 ἐκέκασθ’,
1030 2389 1061 2419 οἳ
1079 2386 1233 2426 Ὀλύμπια
1253 2386 1365 2426 δώματ’
1387 2388 1511 2423 ἔχουσιν,

664 2440 762 2483 αἰγίδα
784 2441 808 2472 δ’
819 2440 975 2481 ἀσκήσασα
996 2442 1072 2481 (pro
1092 2441 1270 2481 ποιήσασα)
1291 2444 1495 2482 φοβέστρατον
1514 2440 1596 2471 ἔντος
1614 2438 1759 2481 ’Λθήνῃ,

666 2497 720 2528 miv
741 2497 777 2537 τῇ
797 2496 915 2535 γείνατό
933 2508 1004 2535 μιν,
1024 2496 1177 2535 πολεμήϊα
1198 2495 1288 2533 τεύχε’
1309 2497 1443 2532 ἔχουσαν.

358 2549 524 2581 Auctorem
546 2552 659 2581 horum
680 2562 829 2581 versuum
850 2556 922 2590 post
942 2551 1157 2580 Stesichorum
1185 2551 1300 2580 vixisse
1329 2556 1470 2590 oportet,
1500 2549 1527 2579 si
1556 2558 1666 2578 vcrum
1697 2553 1762 2583 est,
1793 2549 1873 2587 quod
1901 2550 2002 2579 schol.
2025 2550 2165 2590 Apollon.
2189 2551 2238 2586 n,

361 2606 437 2631 1310
457 2605 517 2633 ait:
545 2605 663 2644 πρῶτος
683 2609 867 2643 Στησίχορος
893 2606 950 2643 ἔφη
972 2603 1025 2634 οὖν
1045 2603 1149 2634 ὅπλοις
1176 2604 1208 2633 ἐκ
1229 2604 1280 2643 τῆς
1301 2604 1351 2634 τοῦ
1372 2603 1442 2634 Διὸς
1467 2602 1600 2642 κεφαλῆς
1629 2600 1823 2640 ἀναπηδῆσαι
1843 2601 1899 2641 τήν
1918 2602 2072 2642 Ἀθηνᾶν.
2112 2604 2241 2635 Scilicet

360 2657 397 2685 de
419 2663 539 2687 armata
559 2660 702 2690 Minerva
722 2660 923 2690 Stesichorus
945 2660 1092 2698 loquutus
1113 2664 1175 2688 est:
1197 2670 1233 2688 ex
1254 2658 1386 2697 capite
1407 2659 1492 2688 Iovis
1510 2660 1614 2688 natam
1636 2668 1705 2687 esse
1727 2658 1790 2687 iam
1812 2658 1972 2687 Hesiodus
1988 2659 2112 2688 dim-rtis
2133 2660 2240 2689 »οι-Μαι

363 2716 514 2746 testatur,
537 2713 706 2751 lapsusque
726 2715 880 2743 memoria
900 2715 1030 2742 Vossius
1052 2719 1117 2750 est,
1145 2713 1250 2742 selred.
1274 2712 1341 2741 crit.
1369 2712 1382 2740 I
1403 2722 1434 2750 p.
1459 2714 1532 2747 139,
1559 2721 1655 2749 quum
1674 2712 1816 2740 Hesiodo
1844 2712 1961 2751 pariter
1984 2716 2076 2749 atque
2102 2711 2242 2741 Homero

359 2765 440 2795 hanc
460 2765 601 2797 fabulam
624 2775 727 2798 notam
749 2769 849 2799 fuisse
870 2772 975 2808 negat.

270 2820 324 2858 75)
366 2821 494 2859 Φρονεῖν
514 2817 546 2849 δὲ
565 2818 656 2859 κάμοὶ
675 2821 766 2854 Zev‘e
785 2821 929 2853 ἔδωκεν
948 2821 980 2854 οὗ
1000 2820 1185 2861 κακυῖςῄρεα
1204 2820 1250 2851 ait
1269 2819 1351 2859 apud
1372 2819 1580 2858 Aeschylum,
1603 2820 1694 2849 Eum.
1717 2830 1745 2850 v.
1765 2824 1832 2851 812.
