2466 3210
1128 120 1422 190 -27‘....

271 261 319 300 m
340 270 439 314 suen
461 277 504 300 ac
523 264 698 310 propriam
721 268 890 303 naturam,
912 266 1063 308 suntque
1085 275 1108 298 a
1131 263 1310 299 rebusita
1331 262 1489 303 disereti,
1518 266 1557 297 ut
1585 262 1744 308 praesint
1770 261 1908 305 quidem
1931 260 1977 293 iis
2005 269 2142 304 easque
2164 263 2284 303 regant

269 348 312 372 ae
332 336 571 376 moderentur,
594 334 661 370 sed
682 335 790 371 nihilo
817 336 940 372 secius
965 339 1081 371 tamen
1103 335 1207 372 etiam
1231 336 1423 372 seiuscoem
1447 347 1468 371 a
1489 336 1595 372 rebus
1617 335 1723 371 vitam
1747 333 1986 376 actionemque
2009 330 2151 366 liberam
2177 329 2284 366 habs·

268 413 354 445 aut0·
383 410 438 445 lta
458 409 532 444 tieri
556 406 712 454 profecto
733 409 860 456 potuit,
886 411 925 444 ut
945 408 1012 455 ipsi
1034 407 1176 454 quidem
1195 407 1286 443 duvii
1308 407 1504 455 fontesque,
1522 408 1556 444 id
1579 412 1634 444 est
1655 418 1769 453 aquae
1789 405 1846 442 his
1868 403 2048 440 vocabulis
2072 404 2281 450 appellatae,

267 494 313 518 ex
333 483 477 517 Oceano
498 463 652 521 manare,
677 481 898 515 moderamen
918 485 1034 515 autem
1054 492 1173 514 eurum
1193 484 1231 515 et
1250 481 1429 526 imperim
1452 481 1520 516 diis
1540 481 1741 526 deabusque
1765 479 1847 514 Iove
1869 477 1999 525 genitis
2020 476 2183 511 h'ilmtum
2195 488 2281 512 esse

266 553 470 589 crederetur.
517 551 733 598 Quamquam
754 554 861 599 prisci
883 552 1022 597 quidem
1045 553 1094 587 illi
1117 530 1309 588 fabularum
1329 557 1510 594 auctores,
1540 556 1601 599 qui
1624 554 1724 599 primi
1755 553 1826 586 lios
1844 551 1933 584 deos
1955 548 2038 582 love
2061 552 2164 583 natos
2185 549 2279 585 dixe·

217 626 220 628 ’
265 628 359 665 runt,
390 623 536 660 dubitari
562 637 628 660 non
657 628 776 671 potest
802 626 883 671 quiu
912 625 999 659 nihil
1026 624 1121 660 aliud
1146 624 1339 671 significare
1366 626 1554 666 voluerint,
1582 627 1650 661 nisi
1681 626 1846 669 originem
1872 633 1983 667 aquas
2012 623 2200 655 terrestres
2236 620 2283 655 de

266 696 366 733 coelo
388 697 544 739 trahere,
566 696 852 744 quemadmodum
874 697 1084 734 Eustathius
1102 697 1146 734 ad
1169 697 1208 733 ll.
1233 697 1301 739 VI,
1330 697 1398 735 420
1418 711 1455 748 p.
1480 698 1562 740 652,
1582 697 1626 733 37
1654 697 1827 744 nymphas
1855 695 1948 730 Iovis
1976 695 2064 729 filias
2086 692 2156 727 dici
2178 693 2280 727 inter-

264 773 417 816 pretatur
441 769 497 804 διὰ
517 769 584 816 τὴν
605 768 749 805 ἄνωθεν
769 769 945 816 ἑπομένην
973 767 1098 813 αὐταῖς
1120 769 1295 817 tired-rma
1323 771 1382 806 καὶ
1411 771 1627 817 θερμότητα,
1660 782 1774 816 neque
1809 769 1877 803 alia
1912 768 2044 802 ratione
2073 765 2278 800 Hesiodeae

266 842 474 888 theogoniae
499 843 750 889 compositores
772 844 886 890 ipsum
907 844 1102 884 Oceanum,
1125 844 1182 889 qui
1204 844 1293 890 ipsis
1314 856 1405 884 non,
1422 847 1461 879 ut
1482 844 1651 882 Homero,
1673 854 1785 878 rerum
1808 841 1956 875 omnium
1971 839 2186 886 principium,
2209 837 2279 873 sed

264 914 439 950 fluviorum
461 915 700 951 tantumnodo
716 917 880 963 princeps
904 921 979 957 est,
1006 916 1113 951 Coelo
1138 921 1354 962 procreatum
1375 918 1542 952 feceruut.
1588 917 1660 951 Sed
1682 916 1874 953 Homerus,
1901 911 2097 947 huiusmodi
2121 912 2276 945 rationes

263 986 540 1033 allegoricasque
562 988 831 1032 significationes
854 989 937 1024 nihil
959 1001 1100 1031 curans,
1125 988 1285 1034 deosque
1307 1002 1329 1025 a
1349 990 1455 1025 rebus
1476 990 1580 1036 plane
1601 989 1820 1028 discernens,
1845 987 1935 1022 hauc
1957 985 2002 1020 de
2027 994 2193 1029 aquarum
2215 994 2274 1017 uu·

265 1060 415 1093 minibus
437 1071 482 1093 ex
503 1059 587 1095 Iove
612 1062 699 1096 ortis
730 1061 878 1096 fabulam
909 1074 986 1096 cum
1014 1063 1125 1099 altera
1151 1063 1337 1110 opinione,
1361 1074 1450 1109 quae
1483 1062 1606 1098 fluvios
1634 1061 1817 1106 sontesque
1841 1070 1887 1095 ex
1913 1058 2058 1094 Oceano
2086 1054 2273 1094 derivabat,

264 1143 470 1175 componere
488 1134 571 1167 sine
589 1135 660 1167 ulla
673 1134 890 1168 dubitatione
902 1136 1023 1179 potuit.
1048 1153 1093 1160 —
1117 1133 1413 1174 Quemadmodum
1435 1137 1551 1168 autern
1565 1133 1656 1179 apud
1677 1133 1812 1178 priscos
1837 1131 1930 1165 illius
1954 1127 2091 1162 fabulae
2113 1129 2274 1160 auctores

264 1202 452 1238 naturalem
482 1203 575 1240 lovis
602 1206 887 1250 significationem
914 1208 1136 1250 agnoscimus
1164 1207 1211 1240 ab
1239 1219 1303 1246 ea,
1331 1218 1423 1250 quae
1450 1206 1545 1251 apud
1565 1206 1747 1238 Homerum
1773 1209 1808 1238 et
1830 1202 2027 1237 Hesiodum
2048 1200 2148 1233 nobis
2173 1198 2272 1231 offer-

263 1277 337 1317 tur,
372 1275 470 1322 regia
494 1287 645 1324 persona
673 1276 857 1314 admodum
885 1277 1074 1319 diversam,
1107 1278 1157 1313 ita
1178 1279 1281 1313 etiam
1304 1278 1396 1312 illam
1419 1278 1514 1312 lovis
1536 1279 1726 1315 notionem,
1750 1289 1838 1320 quae
1860 1276 1903 1308 ad
1926 1276 2075 1308 animum
2100 1276 2136 1305 et
2158 1282 2276 1304 mores

262 1347 427 1393 pertinet,
451 1348 551 1382 aliam
573 1348 666 1395 apud
688 1349 963 1392 vetustissimos,
985 1349 1085 1385 aliam
1107 1348 1198 1398 apud
1219 1348 1435 1398 posteriores
1455 1347 1567 1385 fuisse
1589 1348 1758 1386 videmus.
1798 1347 1844 1385 Et
1867 1347 1931 1384 hae
1954 1345 2093 1392 quidem
2115 1344 2148 1380 in
2174 1346 2273 1391 parte

263 1420 448 1454 Homerum
476 1422 520 1455 de
548 1424 696 1456 vetustis
723 1424 941 1468 opinionibus
968 1423 1049 1469 plus
1077 1434 1177 1468 quam
1205 1423 1394 1457 Hesiodum
1421 1423 1627 1464 retinuisse,
1664 1433 1766 1468 quum
1796 1422 1872 1456 aliis
1902 1420 2008 1456 rebus
2038 1429 2105 1453 nou
2135 1416 2271 1465 paucis,

262 1498 333 1529 tum
355 1493 460 1529 otiam
481 1494 560 1530 hinc
585 1500 744 1542 apparet,
769 1496 862 1541 quod
884 1496 963 1531 Eris
985 1500 1021 1531 et
1042 1497 1116 1531 Ate
1133 1497 1228 1542 apud
1244 1498 1337 1531 illum
1361 1498 1452 1531 lovis
1474 1498 1563 1531 tiliae
1586 1501 1685 1536 sunt,
1704 1508 1788 1541 quas
1804 1495 1978 1529 Hesiodus
1990 1493 2114 1527 Noctis
2127 1490 2273 1524 alteram

265 1566 376 1607 filiam,
390 1566 529 1601 alteram
543 1571 682 1614 neptem
695 1567 787 1603 facit.
816 1567 960 1603 Scilicet
972 1568 1151 1604 Hesiodus
1166 1568 1249 1604 nihil
1264 1568 1347 1605 Iove
1360 1570 1511 1614 genitum
1525 1569 1607 1610 vult,
1622 1570 1688 1604 nisi
1706 1568 1796 1614 quod
1815 1567 1959 1602 bonitati
1971 1567 2048 1600 eius
2068 1575 2112 1598 ac
2132 1563 2271 1608 sapien·

264 1641 334 1673 tiae
355 1639 567 1674 conveniens
587 1641 633 1674 sit
644 1640 705 1683 ⁹2):
728 1639 820 1686 apud
845 1640 1031 1676 Homerum
1053 1644 1185 1683 contra,
1206 1642 1300 1678 sieut
1314 1641 1446 1689 Iupiter
1454 1642 1545 1688 ipse,
1568 1642 1601 1677 in
1616 1640 1724 1678 iliade
1739 1640 1952 1688 praesertim,
1973 1647 2185 1683 nequaquam
2197 1645 2269 1669 mo·

265 1723 338 1746 rum
355 1712 507 1746 bonitate
530 1713 656 1757 isignis
677 1717 743 1752 est,
766 1714 812 1748 ita
828 1716 932 1749 etiam
950 1715 1076 1749 liberos
1091 1726 1157 1749 non
1172 1726 1294 1749 omnes
1308 1714 1420 1748 bonos
1431 1714 1629 1759 probosque
1644 1713 1758 1747 habet.
1783 1712 1868 1746 Nam
1879 1711 2028 1749 hidem,
2044 1720 2133 1753 quae
2144 1706 2268 1741 Martis

263 1795 423 1829 germana
446 1783 581 1824 dicitur,
609 1784 647 1819 Il.
670 1784 769 1825 vul,
791 1785 872 1825 441,
893 1785 987 1820 Iovis
1009 1786 1109 1820 liliam
1131 1798 1219 1821 esse
1237 1790 1397 1833 apparet,
1424 1790 1461 1821 et
1483 1787 1563 1821 Ate
1588 1786 1746 1821 eiusdem
1768 1786 1836 1820 filia
1857 1789 1997 1818 vocatur
2023 1782 2061 1817 ll.
2086 1778 2188 1819 xlx,
2210 1776 2266 1816 91,

264 1858 392 1902 pariter
412 1868 488 1890 cum
513 1841 655 1898 Atrans,
677 1869 766 1903 quae
791 1859 882 1892 mala
903 1858 946 1892 ab
970 1859 1041 1893 Ate
1064 1859 1254 1893 commissa
1275 1859 1406 1894 sarcire
1426 1862 1607 1899 conantur,
1636 1857 1676 1893 ll.
1702 1857 1771 1898 lx,
1793 1856 1869 1893 502.
1915 1855 1988 1891 Sed
2011 1855 2102 1889 illam
2123 1851 2267 1898 Iupiter,

264 1941 365 1975 quum
387 1930 465 1974 ipse
493 1929 674 1973 aliquando
697 1931 732 1963 in
755 1928 910 1965 fraudem
932 1932 977 1965 ab
999 1943 1042 1965 ea
1063 1932 1226 1966 inductus
1248 1934 1371 1971 esset,
1398 1931 1556 1965 exturbat
1579 1930 1730 1976 Olympo
1760 1933 1929 1974 coetuque
1958 1928 2097 1963 deorum
2127 1927 2160 1961 in
2191 1935 2268 1970 per·

261 2005 463 2049 perpetuum
487 2001 675 2043 interdicit,
698 2003 736 2037 ΙΙ.
754 2003 852 2043 XIX,
870 2004 945 2043 128,
968 2005 1067 2038 cuius
1090 2003 1227 2037 fabulae
1250 2004 1426 2037 sententia
1452 2003 1539 2037 haec
1563 2006 1628 2042 est,
1655 2006 1692 2036 ut
1715 2002 1830 2036 lovem
1853 2003 1966 2047 ipsum
1988 2001 2113 2035 erroris
2136 2002 2172 2032 et
2185 2007 2266 2042 pee-

263 2073 363 2109 candi
376 2085 442 2108 uon
459 2074 716 2121 omnitempore
730 2076 911 2111 immunem
925 2077 1048 2117 ruisse,
1071 2075 1136 2110 sed
1156 2076 1403 2121 sapientiorem
1426 2075 1553 2110 sactum
1568 2087 1650 2110 esse
1662 2075 1847 2119 significet,
1868 2074 2083 2119 experientia
2094 2071 2268 2106 edoctum.

262 2146 309 2181 Et
330 2145 487 2181 eiusdem
510 2146 681 2189 opinionis
704 2147 748 2182 de
770 2147 853 2182 Iove
875 2147 1052 2193 paullatim
1074 2147 1211 2182 demum
1233 2149 1357 2182 virtute
1385 2151 1423 2182 et
1450 2148 1621 2193 sapientia
1650 2150 1750 2181 aucto
1772 2147 1874 2181 etiam
1900 2146 1969 2181 alia
1992 2144 2162 2191 quaedam
2183 2141 2268 2176 indi-

379 2254 492 2294 «Υόριιέ
513 2257 627 2294 ῥέεθρα
653 2258 838 2296 κυκώμενος,
868 2263 900 2288 et
920 2268 949 2287 v.
970 2262 1047 2295 248,
1076 2257 1145 2290 οὐδέ
1164 2258 1283 2298 τ’ἱληγε
1308 2261 1404 2298 μέγας
1421 2255 1513 2294 θεὼ,
1543 2252 1621 2296 ὦρτο
1640 2255 1718 2287 ‹Yin'
1740 2255 1832 2287 αὐτὸν
1851 2255 2119 2296 ἀκροκελαινιόων,
2148 2259 2180 2285 et
2198 2256 2270 2288 2⁵4,

380 2306 400 2350 ἦ
418 2315 469 2341 καὶ
489 2307 597 2350 ἐπῶρτ’
618 2307 747 2351 Ἀχιλῆϊ
769 2311 954 2352 κυκώμενος,
988 2311 1083 2353 ὑψόσε
1102 2313 1206 2351 thiam,
1232 2313 1402 2353 μορμὺρων
1416 2311 1504 2353 ᾰφρῷ
1531 2323 1561 2341 τε
1583 2316 1634 2341 καὶ
1663 2312 1772 2350 «affluam
1804 2316 1855 2341 καὶ
1881 2310 2052 2345 νεκύεσσιν,
2074 2310 2221 2347 itemque
2238 2319 2268 2337 v.

379 2369 458 2402 356,
481 2370 647 2404 postquam
668 2367 825 2395 Vulcanus
845 2366 909 2395 vim
931 2366 1015 2405 iguis
1036 2367 1066 2396 ei
1087 2367 1253 2406 opposuit,
1278 2370 1379 2398 καίετο
1397 2364 1456 2397 δ’ἴς
1475 2364 1640 2405 wordiam,
1663 2371 1694 2395 et
1714 2375 1744 2395 v.
1765 2367 1840 2399 361,
1868 2363 1911 2404 φῆ
1931 2368 2005 2403 πυρὶ
2023 2362 2193 2404 καιόμενος.

285 2421 341 2460 22)
380 2419 697 2450 Animadvertendum
719 2421 780 2450 hoc
808 2422 877 2451 loco
898 2421 994 2450 etiam
1022 2420 1100 2450 illud
1131 2426 1196 2455 est,
1228 2422 1313 2459 quod
1338 2424 1377 2452 de
1402 2423 1488 2452 lovis
1513 2427 1620 2450 eontra
1647 2426 1767 2457 patrem
1794 2420 1964 2448 Saturnum
1990 2419 2163 2448 certamine
2190 2416 2270 2446 nihil

380 2473 529 2503 disertius
550 2473 580 2503 in
603 2473 775 2515 theogonia
796 2474 949 2511 refertur,
971 2473 1030 2504 nisi
1053 2483 1147 2504 unum
1169 2474 1362 2506 versit-ulum
1384 2476 1450 2506 lme
1468 2476 1574 2506 trahas
1593 2476 1668 2510 496,
1702 2474 1755 2503 ubi
1776 2474 1929 2504 Saturnus
1950 2473 2131 2503 evomuisse
2152 2473 2267 2502 liberos

377 2530 544 2558 devorutos
565 2528 682 2558 dicitur
701 2531 839 2570 νικηθεὶς
858 2532 976 2569 τέχνῃσι
998 2531 1090 2569 βίῃφί
1102 2540 1133 2558 τε
1153 2526 1263 2559 παιδὸς
1282 2530 1356 2560 ἑοῖο.
1397 2530 1441 2558 Ne
1468 2529 1496 2557 in
1518 2527 1760 2557 Titanorum-hia
1788 2528 1931 2566 quidem,
1963 2533 2109 2558 truncatu
2136 2536 2207 2555 sanc
2235 2531 2267 2554 ct

377 2592 414 2612 ex
436 2580 577 2620 pleniore
596 2582 751 2620 quondam
773 2583 910 2613 carmine
931 2593 950 2613 u
972 2581 1164 2623 theogoniae
1184 2584 1395 2623 compositore
1415 2588 1577 2621 excerpta,
1599 2583 1665 2611 ulla
1692 2582 1818 2612 Saturni
1840 2583 1959 2612 mentio
1978 2583 2026 2612 fit.
2056 2583 2194 2611 Fuerunt
2213 2580 2266 2617 qui

375 2636 458 2665 hunc
478 2635 682 2671 brevitatem,
704 2646 784 2675 quae
805 2636 909 2666 officit
925 2631 1013 2666 haud
1034 2637 1131 2666 dubie
1149 2637 1339 2666 narrationis
1361 2636 1595 2675 perspicuitati,
1619 2646 1674 2675 pro
1690 2637 1822 2666 lacunae
1840 2636 1957 2666 indicio
1973 2637 2134 2666 habereut.
2158 2635 2267 2663 Pluto-

378 2700 451 2721 nem
470 2689 564 2719 etium
587 2693 619 2718 et
638 2689 816 2719 Luciam-m
833 2690 999 2725 antestati.
1020 2692 1073 2730 qni
1091 2690 1262 2730 pleniorem
1283 2700 1303 2721 ι
1322 2700 1392 2720 sese
1411 2689 1616 2729 theogonium
1636 2690 1748 2719 lectum
1762 2700 1832 2719 esse
1846 2692 2061 2720 intenderent:
2082 2689 2134 2717 sed
2152 2689 2267 2717 horum

379 2743 593 2775 testimonium
614 2744 734 2772 nullum
757 2754 827 2774 esse
843 2745 1079 2776 demonstrasse
1104 2744 1184 2774 mihi
1206 2744 1315 2775 videor
1335 2745 1364 2774 in
1392 2744 1515 2773 dissert.
1538 2744 1577 2772 de
1596 2744 1668 2773 fuls.
1689 2743 1783 2773 indic.
1811 2744 1916 2773 lncun.
1935 2744 1979 2774 th.
2001 2744 2075 2773 fles.
2095 2753 2126 2781 p.
2145 2744 2193 2771 13.
2217 2743 2265 2771 14.

376 2799 529 2832 Nimirum
549 2798 692 2827 consiilto
714 2803 824 2836 post&
846 2799 914 2828 sive
934 2799 1036 2829 mavis
1055 2798 1298 2838 compositorem
1317 2798 1432 2834 dicere,
1453 2797 1599 2827 omisisse
1619 2803 1675 2828 uut
1693 2799 1807 2829 leviter
1828 2803 1947 2829 tantuin
1966 2797 2111 2838 tetigisse
2130 2796 2267 2833 videtur,

377 2851 526 2893 quidquid
548 2850 722 2891 impietatis
741 2852 861 2884 crimen
879 2852 949 2884 lovi
968 2853 1130 2885 conflaret.
