2466 3210
1057 136 1352 182 -14-

188 265 264 297 orta
284 261 332 296 sit
353 258 445 294 haee
466 255 512 290 de
534 253 753 301 Polyphemo
775 253 925 300 eiusque
949 252 1074 291 vicinis
1097 254 1232 296 sabula,
1254 257 1291 291 et
1312 265 1373 290 eur
1393 253 1540 290 coclites
1563 254 1599 290 111
1621 257 1752 301 pariter
1774 259 1878 301 atque
1899 256 1948 292 illi
1962 254 2134 291 Hesiodei
2156 255 2217 292 ln-

191 334 254 370 biti
275 332 363 372 sint,
385 339 556 376 quaerere
579 326 647 364 boe
668 327 744 363 loeo
767 325 852 363 nihil
874 327 1009 364 attinet.

336 403 408 439 Alii
432 402 597 438 Titanum
622 401 747 436 fratres
769 400 863 448 apud
885 400 1080 438 Hesiodum
1103 401 1295 437 Centimani
1317 404 1416 442 sunt,
1441 400 1590 443 Κόττος,
1613 399 1793 446 Βριάρεως
1815 411 1845 436 s.
1867 397 2086 447 Ὀβριάρεως,
2111 399 2219 446 Γύης,

195 479 411 516 Viriatus,
435 474 610 514 Ferius,
640 472 849 514 Membro,
879 485 1023 519 quorum
1045 474 1100 509 vis
1125 474 1250 520 partim
1271 474 1317 510 ad
1337 474 1492 510 turbines
1515 473 1758 520 procellasque
1780 474 1988 515 maritimas,
2011 474 2135 519 quibus
2157 473 2217 509 flu·

193 557 272 588 etus
294 551 523 586 vehementes
546 547 761 586 excitantur,
789 547 915 592 partim
944 546 990 581 ad
1018 550 1130 581 terrae
1160 550 1275 581 motus
1297 548 1470 593 pertinere
1498 546 1630 582 videtur
1640 547 1695 590 ⁸⁴).
1742 546 1873 582 Horum
1901 546 2095 587 Homerus,
2125 546 2166 581 ll.
2190 545 2219 587 l,

192 625 260 662 Μ
280 635 374 670 sqq„
395 633 497 657 unum
519 618 709 654 Briareum
729 620 901 660 nominat,
928 630 1029 664 quem
1057 619 1282 664 Aegaeonem
1310 619 1355 654 ab
1377 619 1591 660 hominibus,
1621 619 1729 655 altero
1752 620 1889 656 nomine
1917 631 1939 655 a
1962 618 2032 653 diis
2053 619 2219 664 appellari

196 699 301 739 dicit,
328 704 475 741 eumque
503 693 693 740 suppetias
724 692 822 733 olim,
858 704 879 727 a
904 691 1052 727 Thetide
1080 691 1245 731 accitum,
1275 690 1349 727 Iovi
1379 695 1500 727 contra
1520 691 1703 733 lunonem,
1733 692 1933 739 Neptunum
1963 695 2000 728 et
2027 691 2219 728 Minervam

195 771 343 809 tulisse,
366 771 538 814 patreque
561 777 627 800 suo
650 765 752 810 longe
775 765 950 799 fortiorem
972 775 1055 798 esse
1076 766 1260 797 memorat:
1288 764 1366 807 quis
1387 768 1501 799 autem
1524 766 1571 800 sit
1594 766 1669 800 eius
1692 769 1808 811 pater,
1832 765 1984 800 indicare
2006 765 2218 811 supersedit.

196 843 346 877 Veteres
367 841 580 883 interpretes
601 837 796 883 Neptunum
820 839 915 871 aiunt
924 837 988 879 35),
1027 846 1126 879 quem
1157 835 1201 868 ab
1232 835 1311 868 aliis
1341 846 1478 880 quoque
1501 838 1616 883 poetis
1639 841 1771 883 patrem
1794 838 1973 883 Aegaeoni
1996 838 2111 873 datum
2134 850 2219 874 esse

194 915 351 951 videmus
360 913 418 956 ³⁶),
441 911 486 945 ab
508 911 586 946 aliis
610 913 725 944 autem
747 908 913 948 Pontum,
936 919 1047 942 sensu
1072 919 1137 940 non
1159 905 1361 950 diversoV).
1409 907 1455 943 Et
1483 921 1571 944 sane
1594 910 1639 944 de
1665 910 1827 956 Neptuno
1859 912 1961 945 etiam
1984 912 2076 956 apud
2094 912 2217 947 Home·

197 999 271 1024 rum
296 983 518 1032 cogitandum
543 993 642 1023 esse,
665 993 734 1017 non
757 980 800 1017 de
823 979 947 1022 Coelo,
976 976 1069 1024 quod
1090 981 1232 1025 propter
1259 978 1451 1016 Hesiodum
1475 982 1631 1017 nonnulli
1653 982 1832 1018 voluerunt
1844 983 1913 1026 ⁸⁸),
1936 984 2014 1029 ipse
2040 985 2219 1019 verborum

195 1061 380 1097 contextus
412 1054 611 1104 persuadet.
657 1052 745 1089 Nam
775 1064 878 1100 quum
909 1053 1127 1099 comparetur
1159 1061 1189 1085 v.
1214 1047 1280 1086 404
1307 1050 1471 1089 Briareus
1499 1064 1576 1089 cam
1608 1057 1723 1102 patre,
1753 1058 2020 1091 consentaneum
2046 1058 2102 1092 est
2127 1055 2217 1093 hane

196 1132 487 1179 comparationem
521 1129 566 1161 ad
600 1128 815 1173 superiorem
852 1125 1130 1160 adversariorum
1160 1126 1517 1160 commemorationem
1543 1125 1760 1162 referendam
1788 1137 1893 1168 esse,
1925 1128 1961 1162 in
1991 1127 2132 1173 quibus,
2161 1128 2218 1175 qui

197 1211 298 1253 pater
319 1203 449 1239 Briarei
475 1213 558 1235 esse
581 1201 712 1246 possit,
742 1213 832 1236 unus
863 1200 1050 1244 Neptunus
1080 1198 1200 1240 est⁸⁹).
1247 1197 1350 1240 Quod
1377 1200 1409 1234 si
1441 1201 1489 1234 ita
1513 1204 1587 1241 est,
1615 1202 1722 1235 etiam
1750 1202 1783 1234 in
1807 1200 1873 1235 hac
1896 1204 1995 1247 parte
2018 1201 2218 1237 discordare

196 1278 337 1314 Homeri
361 1274 581 1320 theogeniam
604 1285 681 1309 cum
703 1272 883 1308 Hesiodea
906 1272 1074 1307 videmus.

336 1347 462 1384 Narrat
487 1357 589 1393 porro
611 1345 792 1381 Hesiodus
815 1345 858 1380 de
881 1345 1094 1392 Cyclopibus
1118 1347 1153 1379 et
1176 1343 1391 1380 Centimanis
1420 1357 1442 1380 a
1463 1348 1562 1392 patre
1587 1345 1694 1381 Coelo
1718 1346 1752 1381 in
1776 1345 1908 1381 Terrae
1929 1345 2124 1382 visceribus
2147 1351 2217 1382 sta·

193 1424 253 1458 tim
277 1424 462 1468 postquam
492 1418 563 1453 nati
591 1421 690 1453 erant
719 1418 950 1458 absconditis,
984 1417 1028 1452 de
1058 1416 1189 1452 Terrae
1223 1416 1340 1451 dolore
1370 1420 1405 1452 et
1436 1418 1501 1457 ira,
1539 1419 1787 1464 concitatisque
1815 1420 1859 1454 ab
1886 1431 1929 1454 ea
1958 1419 2143 1453 Titanibus
2171 1418 2215 1453 ad

195 1498 329 1541 patrem
352 1490 589 1530 castrandum,
621 1501 761 1535 quarum
791 1492 939 1525 omnium
966 1501 1077 1524 rerum
1109 1488 1199 1536 apud
1223 1488 1408 1523 Homerum
1430 1489 1526 1525 nulla
1551 1492 1679 1525 mentio
1710 1491 1802 1526 sacta
1823 1494 1892 1527 est.
1936 1491 2027 1526 Nam
2052 1491 2214 1532 Venus,

194 1577 297 1612 quam
318 1564 496 1600 Hesiodus
518 1576 564 1599 ex
587 1564 684 1599 Coeli
709 1563 919 1609 genitalibus
942 1564 976 1597 in
999 1572 1094 1596 mare
1123 1561 1279 1608 delapsis
1303 1565 1413 1597 ortam
1436 1573 1521 1597 esse
1543 1562 1671 1609 prodit,
1699 1563 1794 1609 apud
1815 1563 2003 1598 Homerum
2027 1563 2122 1599 lovis
2145 1563 2215 1599 filia

217 1774 273 1811 ⁸4)
314 1773 367 1804 Cf.
388 1774 472 1803 mun.
492 1774 531 1803 de
555 1774 661 1804 Titan.
680 1784 711 1813 p.
730 1775 759 1803 5.
800 1773 877 1802 Add.
897 1771 1031 1809 Lenoep.
1052 1772 1092 1801 ad
1112 1772 1153 1801 11.
1176 1772 1285 1812 theog.
1304 1782 1335 1811 p.
1355 1774 1422 1801 34⁵.
1443 1771 1571 1802 Cornut.
1592 1772 1622 1802 d.
1641 1783 1671 1802 11.
1690 1774 1719 1803 d.
1743 1784 1773 1813 p.
1790 1776 1831 1802 80
1850 1783 1878 1802 e.
1900 1773 1970 1803 intt.
1992 1775 2025 1802 et
2039 1772 2215 1812 Boettiger-

312 1828 515 1867 Kunstmyth.
538 1828 568 1858 11
588 1839 617 1868 p.
635 1831 687 1858 88.

216 1882 273 1919 35)
313 1882 421 1912 Sobel.
442 1884 480 1911 A.
501 1883 538 1912 D.
560 1883 600 1912 ad
619 1882 657 1912 11.
677 1882 703 1918 1,
724 1884 800 1911 ³99:
820 1876 861 1920 ἦν
879 1878 912 1910 δὲ
923 1879 1086 1910 θαλάσσιος
1103 1876 1226 1918 δαίμων
1244 1875 1347 1916 οὗτος,
1367 1884 1419 1910 καὶ
1442 1878 1495 1910 teir
1511 1883 1631 1920 sarton
1646 1877 1826 1912 Ποσειδῶνα
1839 1879 2072 1921 κατεβρᾰβευεν.
2106 1881 2212 1921 ipsum

312 1936 411 1967 etiam
432 1937 610 1976 Neptunum
628 1946 851 1975 nonnunquam
872 1939 929 1966 aut
949 1932 1043 1974 Atym
1063 1940 1119 1965 aut
1137 1932 1296 1974 Αἰγαίωνα
1317 1936 1533 1975 cognominari
1553 1941 1662 1966 notum
1683 1940 1743 1965 est.

215 1992 271 2030 30)
312 1991 406 2022 Velut
422 2001 445 2022 a
465 1991 594 2028 Nonne,
614 1991 734 2028 xxxi,
755 1992 891 2021 mlv-Y
899 2010 909 2026 ‚
930 1997 1023 2027 quem
1043 1989 1105 2019 hoc
1123 1998 1184 2019 nen
1205 1989 1310 2029 ipsum
1330 1989 1531 2031 excogitasse
1551 1991 1607 2021 sed
1627 1991 1667 2021 ab
1688 1989 1921 2029 antiquioribus
1941 1990 2103 2030 accepisse
2119 2000 2212 2021 nemo

313 2045 410 2076 facile
430 2044 600 2075 dubitabit·

218 2100 274 2138 37)
314 2098 441 2129 Eumol.
462 2107 512 2137 ap.
533 2097 633 2127 schol.
653 2097 754 2137 Apoll.
774 2097 880 2127 Rhod.
900 2096 936 2133 1,
968 2098 1055 2127 1165.
1094 2097 1228 2128 Matrem
1256 2097 1419 2138 Aegaeoni
1437 2094 1602 2130 Θάλασσαν
1630 2099 1671 2129 ab
1691 2098 1766 2129 lone
1793 2098 1900 2129 datam
1921 2107 1992 2129 esse
2012 2097 2096 2129 idem
2117 2099 2211 2128 seho-

312 2154 424 2183 liastes
445 2156 610 2181 memorat.
650 2151 699 2181 Cf.
722 2156 754 2181 et
771 2151 889 2180 Eudoc.
911 2150 992 2180 wel.
1014 2161 1042 2189 p.
1064 2154 1102 2180 29
1123 2156 1155 2181 et
1175 2154 1224 2181 91.

223 2208 278 2247 88)
317 2207 395 2238 Fuit
416 2207 448 2237 in
468 2206 521 2236 hia
542 2205 638 2236 etiam
659 2205 805 2237 Wolflus.
844 2205 915 2236 vm.
937 2205 1021 2235 lectt.
1042 2205 1110 2234 eius
1130 2205 1162 2235 in
1182 2206 1314 2235 Iliadem
1334 2206 1374 2235 ab
1394 2204 1521 2235 Usterio
1542 2205 1660 2241 editas,
1682 2206 1697 2235 1
1718 2218 1750 2246 p.
1773 2210 1839 2238 14⁵.
1858 2224 1898 2231 —
1940 2206 2082 2243 Vossius,
2102 2208 2211 2238 aehed.

310 2262 379 2292 erit.
400 2262 414 2290 1
436 2270 467 2298 p.
492 2261 566 2294 198,
591 2258 787 2297 probabilius
805 2259 925 2294 credit,
948 2259 1082 2287 Pontum
1103 2259 1263 2298 Aegaeoni
1283 2259 1381 2289 etiam
1403 2260 1443 2289 ub
1465 2260 1605 2288 Homero
1626 2264 1748 2298 patrem
1769 2262 1877 2291 datum
1899 2270 1980 2291 esse.

219 2317 275 2354 ³9)
314 2315 421 2345 Sensit
441 2315 503 2343 hoc
523 2313 626 2342 schol.
650 2313 684 2342 A.
707 2312 746 2341 ad
766 2312 807 2342 ll.
832 2313 865 2348 1,
894 2314 970 2342 404:
999 2309 1051 2341 οὐκ
1071 2312 1134 2342 ἐστι
1152 2310 1184 2343 δὲ
1205 2312 1270 2343 τῶν
1292 2311 1429 2343 Τιτάνων
1447 2311 1465 2343 ἆ
1485 2311 1594 2352 Αἰγεύς
1621 2315 1701 2352 (scr.
1719 2313 1896 2354 Αἰγαίων),
1917 2313 1982 2345 ἀλλ’
2005 2313 2122 2345 ἐνάλιος
2141 2314 2209 2346 δαί-

309 2380 391 2408 μων.
412 2365 509 2398 οὕτως
530 2364 590 2405 γιὶρ
609 2370 661 2396 καὶ
681 2363 699 2403 ἦ
721 2365 869 2404 σύγκρισις
889 2366 1107 2404 λαμβανομένη
1125 2363 1199 2404 πρὸς
1219 2364 1273 2396 τὸν
1292 2363 1472 2397 Ποσειδῶνα
1488 2365 1576 2405 λόγον
1594 2367 1666 2404 ἔχει.
1707 2367 1827 2407 Nempe
1841 2368 1923 2397 hane
1944 2367 2022 2397 dicit
2041 2366 2206 2407 σύγκρισιν,

312 2432 391 2461 quae
412 2426 462 2452 est
482 2422 514 2452 iu
535 2419 643 2450 verbis
661 2416 678 2450 ὁ
697 2418 754 2459 γὰρ
774 2415 844 2451 αὖτε
864 2423 917 2461 βίῃ
938 2415 973 2451 οὗ
992 2417 1108 2458 πατρὸς
1128 2417 1267 2458 ἀμείνων.
1310 2420 1490 2451 zenodotea
1511 2420 1607 2451 huius
1627 2421 1690 2451 loci
1712 2421 1824 2452 lectio=
1850 2420 1867 2452 ὖ
1886 2419 1946 2460 γάρ
1966 2415 2039 2451 αἵτε
2057 2424 2111 2463 βίῃ
2129 2422 2206 2453 πολὺ

309 2479 458 2516 φέρτατος
477 2470 531 2513 ἦεν
549 2472 676 2504 πάντων
695 2471 727 2504 οἱ
742 2473 850 2505 ναιόυσ”
872 2471 931 2504 «ino
955 2473 1115 2512 Τάρταρον
1132 2470 1276 2512 ἠερῦεντα
1298 2474 1369 2511 (ita
1389 2474 1472 2503 enim
1493 2476 1613 2505 emend.
1633 2485 1704 2505 curn
1725 2476 1764 2506 H.
1784 2476 1897 2515 steph.
1918 2474 2048 2505 Barnea.
2069 2480 2102 2505 et
2120 2476 2208 2516 110]-

309 2530 407 2568 nio),
437 2539 491 2559 eur
524 2528 708 2558 Aristarcho
739 2530 914 2567 ceterisque
944 2527 1065 2558 criticis
1090 2527 1286 2566 displicuerit
1313 2534 1457 2567 apertum
1485 2534 1543 2559 est.
1590 2529 1670 2559 Nam
1697 2540 1798 2568 neque
1824 2530 1981 2559 inclusum
2008 2529 2040 2558 in
2070 2530 2206 2560 Turtam

307 2583 474 2614 Briareum
500 2592 570 2613 esse
590 2581 759 2622 quisquam
780 2583 932 2622 prodidit,
960 2583 1016 2613 sed
1036 2582 1201 2612 custodum
1222 2592 1293 2612 cum
1313 2582 1468 2613 fratrilms
1488 2582 1614 2613 Tartari
1635 2583 1735 2623 portis
1754 2582 1936 2622 appositum
1955 2583 2115 2614 Hesiodus
2135 2594 2205 2615 nar-

305 2643 372 2674 rat,
394 2637 626 2675 stationemque
646 2637 762 2667 horum
783 2638 945 2667 custodum
968 2641 1058 2666 extra
1078 2636 1248 2665 Tartarum
1270 2636 1371 2665 fuisse
1392 2636 1494 2665 omnis
1513 2637 1702 2668 narrationis
1723 2641 1812 2667 tenor
1823 2637 1915 2667 docet
1935 2636 1995 2675 (cf.
2016 2637 2093 2667 diss.
2110 2643 2205 2668 nostr.

304 2693 343 2723 de
363 2697 530 2723 extremar.
552 2691 659 2720 mundi
680 2689 818 2729 partium
837 2690 936 2721 deser.
958 2691 1036 2720 Hes.
1059 2700 1089 2728 p.
1109 2691 1137 2719 8.
1146 2697 1179 2728 j,
1207 2699 1306 2729 neque
1328 2690 1484 2720 inclusum
1512 2690 1607 2721 facile
1628 2691 1744 2722 Thetis
1771 2691 1872 2721 accire
1899 2690 2042 2731 potuisse
2067 2691 2202 2722 videtur.

303 2746 446 2784 Denique
465 2745 563 2776 etiam
584 2739 654 2775 αὖτε
677 2743 834 2783 particula
860 2744 934 2783 quid
963 2744 1026 2774 sibi
1055 2743 1133 2773 velit
1158 2743 1189 2773 in
1217 2743 1278 2774 ista
1307 2743 1459 2782 lectione,
1491 2754 1550 2775 non
1575 2751 1680 2785 potest
1710 2746 1865 2787 intelligi:
1892 2751 1998 2786 potest
2022 2750 2147 2782 autem,
2175 2747 2203 2777 si

304 2800 485 2841 oppositum
506 2798 672 2829 Briareum
695 2797 872 2838 cogitemus
894 2797 977 2836 patri
998 2802 1071 2829 ante
1092 2802 1276 2829 memorato.
