2466 3210
1073 137 1375 182 —10—

215 255 286 292 dici
309 257 581 292 come-menn
604 253 731 300 snitu),
757 254 861 302 eique
884 254 1023 292 fratrem
1045 253 1128 292 addi
1152 253 1320 297 Aethera,
1341 253 1376 291 ΙΙ.
1389 265 1420 291 e.
1440 253 1590 291 sublime
1610 254 1695 292 tund
1711 255 1887 298 candens,
1908 259 1947 291 ut
1967 255 2102 291 Ennius
2121 258 2240 301 αἷμ’),

215 328 329 364 Erebo
354 326 479 362 eadem
500 329 633 363 ratione
656 328 875 375 oppositum,
903 340 973 375 qua
993 328 1072 364 dies
1096 329 1190 364 nocti
1211 327 1401 375 opponitur.
1456 325 1546 363 Nam
1568 327 1659 362 sicut
1680 327 1773 363 illius
1795 329 1974 375 perpetuis
2000 327 2155 364 tenebris
2177 329 2239 363 ob·

215 401 367 441 scurari,
390 411 481 446 quae
503 400 592 435 infra
611 404 738 436 terram
760 406 905 443 essent,
934 403 984 437 ita
1005 401 1167 437 sublimia
1187 400 1304 436 mundi
1330 399 1541 446 sempiterna
1561 399 1727 435 Aetheris
1750 399 1906 436 claritate
1934 400 2097 436 illustrari
2118 399 2237 435 crede·

216 473 364 514 bantur,
402 485 506 519 quum
529 473 610 508 Nox
633 477 671 509 et
697 474 788 510 Dies
817 479 929 510 terrae
952 474 1185 509 tantummodo
1207 476 1244 508 et
1269 472 1433 519 proximis
1454 484 1562 519 supra
1583 484 1661 507 eam
1689 472 1846 519 partibus
1867 474 2033 508 tenebras
2059 473 2242 518 lucemque

216 545 477 592 dispensarent.
528 545 638 592 Origo
661 552 779 584 autem
802 547 923 582 horum
950 547 1097 580 omnium
1120 557 1180 580 cur
1206 556 1228 579 a
1250 545 1347 579 Chao
1369 545 1487 591 potius
1511 555 1611 589 quam
1641 555 1664 578 a
1686 543 1794 579 Terra
1816 548 2004 590 repetatur,
2027 546 2114 580 ratio
2134 544 2238 579 mani-

217 617 316 654 festa
336 623 402 654 est.
451 618 544 653 Nam
571 630 677 665 quum
703 620 790 656 nihil
820 621 855 654 in
884 619 927 654 iis
956 619 1003 653 sit
1032 617 1207 653 solidioris
1234 628 1277 652 ac
1304 620 1462 653 terrenae
1492 617 1671 657 materiae,
1698 620 1853 652 naturam
1881 616 2011 651 babere
2036 618 2242 653 videbantur

220 702 286 725 non
309 702 452 736 prorsus
477 691 619 736 quidem
642 693 899 739 incorpoream,
932 690 1024 737 quod
1053 701 1166 736 genus
1192 689 1349 736 fugiebat
1378 690 1568 737 priscorum
1593 689 1765 725 hominum
1788 689 1963 725 notionem
1987 692 2024 725 et
2045 689 2239 735 intelligen-

219 764 317 803 tiam,
340 763 407 797 sed
429 767 548 799 tamen
570 767 809 801 tenuissimam
833 776 874 799 ac
896 763 1178 801 subtilissimam,
1203 761 1307 807 quale
1325 761 1431 796 etiam
1456 761 1565 796 chaos
1588 761 1671 796 illud
1691 761 1841 803 aerium,
1863 761 2012 798 dimissa
2032 762 2238 808 praesertim

216 847 263 870 ex
283 847 369 871 sese
391 839 499 876 terra,
530 848 616 872 esse
644 838 832 872 videbatur.
861 854 906 862 -
949 835 1056 869 Terra
1084 838 1199 868 autern
1225 834 1304 867 sola
1325 834 1370 867 de
1392 846 1457 868 suo
1484 845 1629 879 corpore
1661 833 1843 868 Coelum
1866 838 2038 880 procreat,
2072 838 2238 880 tanquam

216 906 388 943 fornicem
411 909 480 954 ipsi
502 908 548 943 ad
576 910 687 944 instar
714 910 798 945 tecti
825 908 1039 955 impositum,
1070 910 1328 951 mentesque
1356 907 1390 940 in
1422 906 1531 940 altum
1557 910 1804 951 assurgentes,
1836 906 2049 952 Pontique
2074 919 2109 942 s.
2132 908 2241 941 maris

218 978 407 1025 profunda3
434 991 515 1015 mox
534 985 648 1016 autem
665 981 772 1017 Coelo
791 980 951 1028 copulata
973 979 1116 1026 primum
1136 977 1225 1013 filios
1248 989 1314 1013 sex
1326 976 1541 1024 totidemque
1563 976 1673 1018 filias,
1692 980 1864 1014 communi
1888 980 2081 1015 Titanum
2103 980 2243 1015 nomine

218 1051 350 1093 dictos,
374 1053 408 1086 in
432 1054 559 1098 quibus
579 1058 661 1089 sunt
684 1054 848 1090 Oceanus
873 1054 1017 1098 eiusque
1038 1062 1124 1087 uxor
1146 1050 1303 1097 Tethys,
1340 1050 1467 1085 deinde
1500 1053 1572 1086 tres
1605 1051 1716 1092 filies,
1742 1053 1799 1098 qui
1822 1052 2040 1101 Cyclopes
2068 1055 2237 1097 dicuntur,

220 1124 381 1170 Argen,
405 1126 623 1173 Steropen
646 1132 682 1163 et
703 1128 915 1168 Bronten,
941 1129 1116 1173 postremo
1138 1125 1281 1160 totidem
1304 1124 1596 1165 Centimanos,
1631 1124 1813 1166 Cottum,
1841 1125 2080 1169 Briareum,
2105 1128 2242 1174 Gyen:

221 1197 268 1232 de
293 1199 419 1243 quibus
440 1201 602 1235 omnibus
621 1200 707 1236 nihil
729 1201 853 1235 attinet
877 1210 965 1233 nunc
982 1198 1174 1231 accuratius
1196 1197 1392 1237 disserere,
1415 1208 1518 1241 quum
1539 1199 1744 1244 praesertim
1766 1199 1835 1232 iarn
1857 1199 1924 1233 alio
1945 1198 2021 1234 loco
2038 1200 2242 1242 dixerimus,

221 1269 391 1315 quomodo
415 1270 505 1307 hanc
534 1276 669 1319 partem
698 1272 908 1317 theogoniae
940 1271 1227 1317 interpretandam
1256 1272 1546 1314 censeremusffl).
1591 1271 1893 1306 considerabimus
1915 1272 2016 1315 igitur
2040 1272 2240 1313 Homerum,

221 1343 297 1388 qui,
317 1354 422 1389 quum
446 1345 684 1380 nonnullorum
707 1343 848 1390 quidem
871 1355 917 1379 ex
940 1342 1014 1384 his,
1038 1354 1128 1388 quos
1148 1342 1253 1378 modo
1272 1344 1557 1384 immoravimus,
1585 1347 1621 1378 et
1648 1345 1731 1389 ipse
1748 1345 1961 1379 mentionem
1985 1345 2110 1386 saciat,
2135 1347 2239 1390 longe

222 1418 340 1450 tamen
370 1415 543 1451 diversam
572 1417 618 1452 ab
639 1416 799 1453 Hesiodo
826 1416 992 1450 rationem
1020 1426 1120 1450 suam
1146 1426 1232 1450 esse
1262 1414 1428 1450 ostendit.
1470 1414 1624 1451 Primum
1655 1416 1746 1452 enim
1768 1416 1930 1457 erebum,
1962 1415 2073 1457 diem,
2100 1417 2245 1453 aethera

222 1499 396 1533 nunquam
416 1492 455 1523 ut
476 1494 668 1529 animantes
691 1490 793 1534 vique
813 1489 984 1533 genitrice
1004 1488 1182 1533 praeditos
1205 1487 1354 1528 inducit,
1377 1488 1444 1522 sed
1466 1491 1550 1523 sunt
1570 1488 1658 1524 haec
1678 1500 1791 1524 rerum
1810 1489 2041 1524 tantummodo
2056 1490 2246 1525 vocabula:

223 1572 326 1595 unam
349 1560 500 1596 Noctem
521 1561 623 1596 deam
649 1562 889 1606 agnoscam),
924 1564 1006 1595 natu
1032 1561 1216 1595 maximam
1251 1561 1388 1607 ipsique
1414 1560 1488 1595 lovi
1516 1561 1713 1606 ceterisque
1735 1561 1806 1596 diis
1828 1561 2080 1597 venerabilem
2110 1562 2246 1598 liberos

225 1635 340 1668 tamen
365 1635 442 1669 eius
467 1633 580 1668 nullos
606 1637 786 1669 memorat.
829 1633 968 1668 Deinde
990 1632 1092 1667 Ponti
1119 1634 1254 1667 nomine
1282 1645 1348 1668 non
1376 1633 1523 1678 aliquam
1545 1633 1698 1668 divinam
1716 1646 1919 1680 personam,
1952 1634 2017 1668 sed
2047 1646 2140 1669 mare
2167 1638 2244 1669 tan-

224 1705 400 1740 tummodo
423 1705 597 1751 designat.
643 1705 698 1742 De
721 1706 828 1741 Coelo
853 1705 1052 1751 ambigitur,
1073 1703 1218 1740 meritus
1239 1706 1275 1740 in
1298 1705 1442 1741 Homeri
1461 1705 1646 1750 theogonia
1667 1718 1839 1752 personae
1861 1707 1971 1740 instar
1991 1707 2163 1747 habitum,
2194 1720 2244 1742 an

223 1776 305 1811 nihil
328 1778 395 1812 nisi
417 1779 632 1825 superiorem
657 1778 773 1812 mundi
796 1780 929 1825 partem
955 1777 1219 1822 significaverit,
1246 1788 1420 1823 qumque
1439 1774 1683 1822 Οὐρανίωνες,
1711 1778 1820 1814 forma
1847 1780 2106 1825 patronymica,
2132 1783 2169 1814 et
2190 1779 2240 1814 dii

223 1849 378 1897 Olympii
403 1851 661 1896 aliquotiesn),
691 1854 727 1886 et
751 1850 883 1889 semel,
909 1853 945 1884 ut
966 1849 1117 1890 videtur,
1141 1850 1245 1884 etiam
1268 1849 1413 1885 Titanes
1435 1850 1468 1884 in
1495 1849 1674 1886 Tartarum
1697 1851 1830 1887 detrusi
1851 1851 2084 1898 appellentur,
2111 1851 2238 1886 malue-

223 1926 300 1958 runt
324 1927 440 1958 tamen
462 1924 618 1970 plerique
636 1923 719 1958 illud
743 1935 868 1958 nomen
891 1922 936 1957 ad
963 1921 1211 1957 habitationem
1237 1923 1355 1968 potius
1379 1923 1568 1958 coelestem
1592 1935 1694 1970 quarn
1722 1925 1768 1960 ad
1789 1936 1902 1971 genus
1925 1935 1947 1960 a
1969 1923 2075 1960 Coelo
2099 1923 2243 1959 ducum

223 1995 366 2031 referre.
413 1996 535 2041 ltaque
558 1997 597 2031 in·
618 1996 659 2031 ΙΙ.
684 1997 729 2037 V,
752 1995 833 2036 898,
855 1995 916 2030 ubi
937 1994 1065 2040 Iupiter
1088 1996 1194 2030 iratus
1213 1995 1361 2031 Martem
1384 1996 1440 2031 his
1462 1997 1579 2032 verbis
1602 1998 1775 2044 increpat:

747 2069 779 2104 εἰ
798 2067 838 2104 δέ
857 2081 916 2103 τευ
939 2066 973 2110 ἐξ
993 2065 1099 2102 ἄλλον
1121 2081 1158 2114 γε
1179 2071 1279 2103 θεῶν
1299 2067 1399 2114 γένευ
1422 2062 1483 2103 οἷδ’
1502 2066 1656 2114 ἀΐδηλος,

747 2141 806 2178 καί
827 2153 889 2178 κεν
910 2139 955 2186 δὴ
979 2138 1084 2175 πάλαι.
1105 2132 1202 2186 ἦσθα
1222 2139 1398 2186 ἐνέρτερος
1417 2139 1669 2186 Οὐρανιώνων.

221 2219 361 2249 veteres
383 2217 602 2261 interpretes,
626 2215 782 2260 quamvis
805 2214 955 2248 Titanes
976 2216 1220 2259 agnoscerent,
1243 2216 1362 2250 tamen
1381 2209 1612 2260 Ου’ρανίιανας
1635 2214 1703 2251 hos
1723 2227 1791 2251 non
1814 2217 1854 2251 ut
1865 2213 1956 2251 lilios
1970 2212 2090 2255 Urani,
2122 2225 2243 2259 quem

248 2373 302 2410 18)
343 2370 395 2402 Cf.
416 2371 565 2401 Thaleti·
586 2371 707 2401 dictum
728 2372 809 2409 apud
829 2371 924 2410 Diog.
944 2370 981 2400 L.
1003 2369 1036 2405 l,
1057 2371 1113 2398 36:
1131 2367 1207 2406 πρόσ
1226 2367 1279 2399 τὸν
1296 2367 1489 2407 πυθὸμηον,
1509 2371 1547 2398 n*
1561 2367 1711 2407 πρότερον
1730 2367 1874 2406 ἔγεγῦνει,
1895 2364 1948 2400 νιὶξ
1967 2363 1990 2403 ἢ
2007 2363 2123 2403 ἡμέρα,
2143 2363 2164 2404 η’
2182 2364 2241 2400 uia}

339 2425 412 2464 ἔφη,
432 2423 490 2464 μιᾷ
509 2423 612 2464 ἡμέρᾳ
629 2423 790 2464 πρότερον.
807 2421 810 2424 “
831 2425 918 2455 {dein
938 2423 1149 2454 Alexandrum
1170 2432 1206 2452 ex
1227 2419 1717 2463 gymno-ophini·‘quaesivisse
1737 2425 1844 2452 narrat
1863 2420 2009 2450 Clemens
2020 2419 2105 2450 Alex.
2120 2419 2235 2449 Strom.

340 2480 396 2515 Vl,
416 2481 436 2509 4
457 2490 486 2518 p.
505 2482 561 2509 ⁷31
585 2480 671 2509 Pott.
693 2496 731 2502 —
771 2479 973 2516 „Constat
1001 2477 1115 2516 priu-
1142 2482 1294 2507 noctem
1323 2477 1478 2513 fuine,
1507 2481 1597 2516 post
1616 2477 1767 2514 diem“,
1790 2475 1893 2515 inquit
1914 2474 2076 2514 Mythogr.
2097 2474 2235 2509 Bonul,

339 2536 378 2563 3⁴1
394 2545 423 2572 p.
446 2537 483 2563 13
503 2534 602 2570 nod„
624 2538 657 2563 et
676 2534 852 2572 Aeschylus
873 2542 1016 2572 qnoque,
1037 2532 1150 2570 Agam.
1170 2533 1248 2568 256,
1268 2528 1421 2571 εὐφρόνην
1440 2528 1511 2570 ἠοῦς
1529 2533 1650 2571 μητέρα
1668 2529 1758 2561 dicit.
1799 2528 1850 2559 Cf.
1877 2528 1926 2559 ib.
1947 2537 1978 2559 v.
1998 2530 2075 2565 211),
2103 2531 2139 2558 et.
2155 2536 2244 2566 quae·

339 2587 499 2617 stanleia·
520 2589 560 2618 ad
581 2589 721 2627 priorem
742 2597 868 2617 vernum
889 2585 1067 2617 adnotavit.

244 2644 298 2684 12)
338 2642 430 2684 Apud
451 2642 633 2674 Ciceronem
652 2643 682 2675 d.
702 2654 733 2674 n.
753 2643 782 2674 d.
803 2642 851 2680 11,
872 2646 902 2674 2.

242 2700 298 2736 m)
338 2699 374 2728 ln
394 2698 615 2728 dissertatione
635 2698 675 2727 de
695 2697 866 2727 Titanibm
885 2696 1056 2727 Hesiodeia
1075 2705 1151 2726 nnn·
1170 2697 1245 2725 1844
1265 2697 1361 2726 edite.

244 2753 302 2792 21)
339 2753 378 2783 ll.
400 2753 481 2789 xm,
503 2755 572 2783 259.
592 2756 663 2783 261.

228 2796 300 2845 '221
338 2807 376 2838 ιι.
397 2807 431 2843 1,
452 2810 524 2837 πυ.
545 2807 580 2844 v,
601 2809 671 2837 ³⁴13.
694 2806 798 2844 xvir,
823 2808 889 2836 195.
910 2806 1002 2844 xm,
1024 2806 1094 2836 27⁵.
1112 2806 1188 2836 ⁵0⁹.
1204 2804 1313 2845 xxiv,
1334 2806 1403 2836 ⁶47.
1422 2806 1497 2836 ⁶12.
1513 2803 1571 2836 or.
1590 2803 1665 2841 vn,
1685 2804 1760 2835 242..
1775 2802 1837 2840 lx,
1860 2804 1909 2834 rs.
