<?xml version="1.0" encoding="UTF-8"?>
<!DOCTYPE html PUBLIC "-//W3C//DTD XHTML 1.0 Transitional//EN"
    "http://www.w3.org/TR/xhtml1/DTD/xhtml1-transitional.dtd">
<html xmlns="http://www.w3.org/1999/xhtml" xml:lang="en" lang="en">
 <head>
  <title>
</title>
<meta http-equiv="Content-Type" content="text/html;charset=utf-8" />
  <meta name='ocr-system' content='tesseract 3.04.00' />
  <meta name='ocr-capabilities' content='ocr_page ocr_carea ocr_par ocr_line ocrx_word'/>
</head>
<body>
  <div class='ocr_page' id='page_1' title='image "4769587_0018.png"; bbox 0 0 2466 3210; ppageno 0'>
   <div class='ocr_carea' id='block_1_1' title="bbox 1091 126 1383 170">
    <p class='ocr_par' dir='ltr' id='par_1_1' title="bbox 1091 126 1383 170">
     <span class='ocr_line' id='line_1_1' title="bbox 1091 126 1383 170; baseline 0 -12"><span class='ocrx_word' id='word_1_1' title='bbox 1091 126 1383 170; x_wconf 67' lang='lat'><strong>..12-</strong></span> 
     </span>
    </p>
   </div>
   <div class='ocr_carea' id='block_1_2' title="bbox 224 239 2247 1078">
    <p class='ocr_par' dir='ltr' id='par_1_2' title="bbox 224 239 2247 724">
     <span class='ocr_line' id='line_1_2' title="bbox 224 239 2247 289; baseline -0.001 -8"><span class='ocrx_word' id='word_1_2' title='bbox 224 256 286 280; x_wconf 85' lang='lat' dir='ltr'>ros</span> <span class='ocrx_word' id='word_1_3' title='bbox 307 243 523 288; x_wconf 76' lang='lat' dir='ltr'>dedisse’⁸).</span> <span class='ocrx_word' id='word_1_4' title='bbox 567 243 682 289; x_wconf 83' lang='lat' dir='ltr'>Atque</span> <span class='ocrx_word' id='word_1_5' title='bbox 706 241 876 278; x_wconf 84' lang='lat' dir='ltr'>Tellurem</span> <span class='ocrx_word' id='word_1_6' title='bbox 899 240 1039 288; x_wconf 84' lang='lat' dir='ltr'>quidem</span> <span class='ocrx_word' id='word_1_7' title='bbox 1061 252 1125 289; x_wconf 85' lang='lat' dir='ltr'>pro</span> <span class='ocrx_word' id='word_1_8' title='bbox 1147 240 1437 289; x_wconf 78' lang='lat' dir='ltr'>divina-persona</span> <span class='ocrx_word' id='word_1_9' title='bbox 1461 239 1566 275; x_wconf 78' lang='lat' dir='ltr'>etiam</span> <span class='ocrx_word' id='word_1_10' title='bbox 1593 239 1637 276; x_wconf 85' lang='lat' dir='ltr'>ah</span> <span class='ocrx_word' id='word_1_11' title='bbox 1659 239 1810 278; x_wconf 78' lang='lat' dir='ltr'>Homero</span> <span class='ocrx_word' id='word_1_12' title='bbox 1832 242 1983 279; x_wconf 82' lang='lat' dir='ltr'>habitam</span> <span class='ocrx_word' id='word_1_13' title='bbox 2004 252 2090 278; x_wconf 80' lang='lat' dir='ltr'>esse</span> <span class='ocrx_word' id='word_1_14' title='bbox 2113 251 2247 284; x_wconf 82' lang='lat' dir='ltr'>omnes,</span> 
     </span>
     <span class='ocr_line' id='line_1_3' title="bbox 226 313 2246 363; baseline -0.002 -11"><span class='ocrx_word' id='word_1_15' title='bbox 226 318 318 363; x_wconf 83' lang='lat' dir='ltr'>quod</span> <span class='ocrx_word' id='word_1_16' title='bbox 340 318 468 356; x_wconf 81' lang='lat' dir='ltr'>seiam,</span> <span class='ocrx_word' id='word_1_17' title='bbox 490 315 780 357; x_wconf 79' lang='lat' dir='ltr'>consentiunt²⁰)=</span> <span class='ocrx_word' id='word_1_18' title='bbox 804 315 963 348; x_wconf 83' lang='lat' dir='ltr'>eiusdem</span> <span class='ocrx_word' id='word_1_19' title='bbox 985 314 1031 348; x_wconf 84' lang='lat' dir='ltr'>de</span> <span class='ocrx_word' id='word_1_20' title='bbox 1054 314 1160 348; x_wconf 87' lang='lat' dir='ltr'>Coelo</span> <span class='ocrx_word' id='word_1_21' title='bbox 1185 316 1376 362; x_wconf 74' lang='lat' dir='ltr'><strong>opinionis,</strong></span> <span class='ocrx_word' id='word_1_22' title='bbox 1399 316 1432 349; x_wconf 85' lang='lat' dir='ltr'>si</span> <span class='ocrx_word' id='word_1_23' title='bbox 1453 323 1523 348; x_wconf 87' lang='lat' dir='ltr'>non</span> <span class='ocrx_word' id='word_1_24' title='bbox 1546 315 1783 358; x_wconf 73' lang='lat' dir='ltr'><strong>argumentum</strong></span> <span class='ocrx_word' id='word_1_25' title='bbox 1805 314 1909 361; x_wconf 82' lang='lat' dir='ltr'>plane</span> <span class='ocrx_word' id='word_1_26' title='bbox 1930 317 2078 355; x_wconf 85' lang='lat' dir='ltr'>certum,</span> <span class='ocrx_word' id='word_1_27' title='bbox 2100 316 2138 350; x_wconf 88' lang='lat' dir='ltr'>at</span> <span class='ocrx_word' id='word_1_28' title='bbox 2159 313 2246 348; x_wconf 84' lang='lat' dir='ltr'>ludi-</span> 
     </span>
     <span class='ocr_line' id='line_1_4' title="bbox 227 385 2244 433; baseline -0.003 -8"><span class='ocrx_word' id='word_1_29' title='bbox 227 391 318 426; x_wconf 88' lang='lat' dir='ltr'>cium</span> <span class='ocrx_word' id='word_1_30' title='bbox 339 394 456 425; x_wconf 86' lang='lat' dir='ltr'>tamen</span> <span class='ocrx_word' id='word_1_31' title='bbox 478 388 572 424; x_wconf 80' lang='lat' dir='ltr'>haud</span> <span class='ocrx_word' id='word_1_32' title='bbox 593 392 722 423; x_wconf 88' lang='lat' dir='ltr'>temere</span> <span class='ocrx_word' id='word_1_33' title='bbox 744 386 981 432; x_wconf 89' lang='lat' dir='ltr'>spernendum</span> <span class='ocrx_word' id='word_1_34' title='bbox 1003 385 1087 422; x_wconf 85' lang='lat' dir='ltr'>illud</span> <span class='ocrx_word' id='word_1_35' title='bbox 1109 400 1194 423; x_wconf 87' lang='lat' dir='ltr'>esse</span> <span class='ocrx_word' id='word_1_36' title='bbox 1217 385 1378 428; x_wconf 82' lang='lat' dir='ltr'>arbitror,</span> <span class='ocrx_word' id='word_1_37' title='bbox 1405 388 1496 433; x_wconf 88' lang='lat' dir='ltr'>quod</span> <span class='ocrx_word' id='word_1_38' title='bbox 1524 388 1623 421; x_wconf 84' lang='lat' dir='ltr'>iurari</span> <span class='ocrx_word' id='word_1_39' title='bbox 1654 387 1840 431; x_wconf 75' lang='lat' dir='ltr'>aliquoties</span> <span class='ocrx_word' id='word_1_40' title='bbox 1869 398 1933 433; x_wconf 89' lang='lat' dir='ltr'>per</span> <span class='ocrx_word' id='word_1_41' title='bbox 1955 386 2152 430; x_wconf 64' lang='lat' dir='ltr'>eoelumv)</span> <span class='ocrx_word' id='word_1_42' title='bbox 2175 396 2244 420; x_wconf 87' lang='lat' dir='ltr'>non</span> 
     </span>
     <span class='ocr_line' id='line_1_5' title="bbox 226 458 2245 507; baseline -0.003 -10"><span class='ocrx_word' id='word_1_43' title='bbox 226 462 340 497; x_wconf 86' lang='lat' dir='ltr'>miuus</span> <span class='ocrx_word' id='word_1_44' title='bbox 364 471 468 506; x_wconf 85' lang='lat' dir='ltr'>quam</span> <span class='ocrx_word' id='word_1_45' title='bbox 489 472 554 506; x_wconf 85' lang='lat' dir='ltr'>per</span> <span class='ocrx_word' id='word_1_46' title='bbox 576 459 769 498; x_wconf 79' lang='lat' dir='ltr'><strong>Tellurem,</strong></span> <span class='ocrx_word' id='word_1_47' title='bbox 799 470 861 505; x_wconf 86' lang='lat' dir='ltr'>per</span> <span class='ocrx_word' id='word_1_48' title='bbox 891 459 1030 501; x_wconf 88' lang='lat' dir='ltr'>Solem,</span> <span class='ocrx_word' id='word_1_49' title='bbox 1062 471 1125 507; x_wconf 89' lang='lat' dir='ltr'>per</span> <span class='ocrx_word' id='word_1_50' title='bbox 1155 460 1298 496; x_wconf 85' lang='lat' dir='ltr'>Fluvios</span> <span class='ocrx_word' id='word_1_51' title='bbox 1326 461 1503 501; x_wconf 80' lang='lat' dir='ltr'>videmus,</span> <span class='ocrx_word' id='word_1_52' title='bbox 1532 460 1577 495; x_wconf 91' lang='lat' dir='ltr'>de</span> <span class='ocrx_word' id='word_1_53' title='bbox 1607 471 1750 505; x_wconf 89' lang='lat' dir='ltr'>quorum</span> <span class='ocrx_word' id='word_1_54' title='bbox 1780 459 1977 494; x_wconf 87' lang='lat' dir='ltr'>numinibus</span> <span class='ocrx_word' id='word_1_55' title='bbox 2006 458 2153 493; x_wconf 83' lang='lat' dir='ltr'>dubitari</span> <span class='ocrx_word' id='word_1_56' title='bbox 2176 468 2245 491; x_wconf 87' lang='lat' dir='ltr'>non</span> 
     </span>
     <span class='ocr_line' id='line_1_6' title="bbox 225 530 2246 579; baseline -0.001 -11"><span class='ocrx_word' id='word_1_57' title='bbox 225 536 353 579; x_wconf 82' lang='lat' dir='ltr'>potest.</span> <span class='ocrx_word' id='word_1_58' title='bbox 397 532 497 567; x_wconf 85' lang='lat' dir='ltr'>Hanc</span> <span class='ocrx_word' id='word_1_59' title='bbox 520 532 564 567; x_wconf 92' lang='lat' dir='ltr'>ob</span> <span class='ocrx_word' id='word_1_60' title='bbox 587 541 728 566; x_wconf 84' lang='lat' dir='ltr'>causam</span> <span class='ocrx_word' id='word_1_61' title='bbox 752 543 819 577; x_wconf 88' lang='lat' dir='ltr'>ego</span> <span class='ocrx_word' id='word_1_62' title='bbox 840 531 993 567; x_wconf 85' lang='lat' dir='ltr'>Uranum</span> <span class='ocrx_word' id='word_1_63' title='bbox 1016 532 1160 567; x_wconf 85' lang='lat' dir='ltr'>deorum</span> <span class='ocrx_word' id='word_1_64' title='bbox 1184 533 1442 568; x_wconf 72' lang='lat' dir='ltr'>numericorum</span> <span class='ocrx_word' id='word_1_65' title='bbox 1465 544 1606 568; x_wconf 86' lang='lat' dir='ltr'>numero</span> <span class='ocrx_word' id='word_1_66' title='bbox 1629 543 1697 567; x_wconf 92' lang='lat' dir='ltr'>non</span> <span class='ocrx_word' id='word_1_67' title='bbox 1721 530 1974 567; x_wconf 86' lang='lat' dir='ltr'>excludendum</span> <span class='ocrx_word' id='word_1_68' title='bbox 1997 541 2082 567; x_wconf 84' lang='lat' dir='ltr'>esse</span> <span class='ocrx_word' id='word_1_69' title='bbox 2105 540 2246 571; x_wconf 82' lang='lat' dir='ltr'>censeo,</span> 
     </span>
     <span class='ocr_line' id='line_1_7' title="bbox 225 604 2247 652; baseline -0.002 -11"><span class='ocrx_word' id='word_1_70' title='bbox 225 605 426 652; x_wconf 84' lang='lat' dir='ltr'>liberosque</span> <span class='ocrx_word' id='word_1_71' title='bbox 449 607 543 646; x_wconf 88' lang='lat' dir='ltr'>eius,</span> <span class='ocrx_word' id='word_1_72' title='bbox 569 604 690 640; x_wconf 88' lang='lat' dir='ltr'>itidem</span> <span class='ocrx_word' id='word_1_73' title='bbox 713 609 751 641; x_wconf 88' lang='lat' dir='ltr'>ut</span> <span class='ocrx_word' id='word_1_74' title='bbox 774 606 868 652; x_wconf 89' lang='lat' dir='ltr'>apud</span> <span class='ocrx_word' id='word_1_75' title='bbox 891 606 1094 647; x_wconf 78' lang='lat' dir='ltr'>Hesiodum,</span> <span class='ocrx_word' id='word_1_76' title='bbox 1117 606 1274 646; x_wconf 86' lang='lat' dir='ltr'>Titanes,</span> <span class='ocrx_word' id='word_1_77' title='bbox 1297 618 1438 641; x_wconf 85' lang='lat' dir='ltr'>uxorem</span> <span class='ocrx_word' id='word_1_78' title='bbox 1461 610 1577 642; x_wconf 92' lang='lat' dir='ltr'>autem</span> <span class='ocrx_word' id='word_1_79' title='bbox 1599 605 1783 645; x_wconf 81' lang='lat' dir='ltr'>Tellurem,</span> <span class='ocrx_word' id='word_1_80' title='bbox 1805 608 1968 651; x_wconf 85' lang='lat' dir='ltr'>posteros</span> <span class='ocrx_word' id='word_1_81' title='bbox 1986 604 2137 648; x_wconf 85' lang='lat' dir='ltr'>denique</span> <span class='ocrx_word' id='word_1_82' title='bbox 2158 604 2247 638; x_wconf 81' lang='lat' dir='ltr'>deos</span> 
     </span>
     <span class='ocr_line' id='line_1_8' title="bbox 227 674 1316 724; baseline 0 -11"><span class='ocrx_word' id='word_1_83' title='bbox 227 690 366 719; x_wconf 83' lang='lat' dir='ltr'>omnes,</span> <span class='ocrx_word' id='word_1_84' title='bbox 390 679 447 724; x_wconf 87' lang='lat' dir='ltr'>qui</span> <span class='ocrx_word' id='word_1_85' title='bbox 468 674 694 723; x_wconf 75' lang='grc' dir='ltr'><strong><em>Οὐρανίωνες</em></strong></span> <span class='ocrx_word' id='word_1_86' title='bbox 715 681 899 721; x_wconf 87' lang='lat' dir='ltr'>vocantur,</span> <span class='ocrx_word' id='word_1_87' title='bbox 923 678 1061 715; x_wconf 74' lang='lat' dir='ltr'>habitos</span> <span class='ocrx_word' id='word_1_88' title='bbox 1084 691 1167 715; x_wconf 82' lang='lat' dir='ltr'>esse</span> <span class='ocrx_word' id='word_1_89' title='bbox 1189 681 1316 714; x_wconf 85' lang='lat' dir='ltr'>statuo.</span> 
     </span>
    </p>

    <p class='ocr_par' dir='ltr' id='par_1_3' title="bbox 226 745 2245 871">
     <span class='ocr_line' id='line_1_9' title="bbox 351 745 2245 800; baseline -0.001 -17"><span class='ocrx_word' id='word_1_90' title='bbox 351 751 501 785; x_wconf 85' lang='lat' dir='ltr'>Nomina</span> <span class='ocrx_word' id='word_1_91' title='bbox 524 750 687 784; x_wconf 87' lang='lat' dir='ltr'>Titanum</span> <span class='ocrx_word' id='word_1_92' title='bbox 708 751 803 786; x_wconf 80' lang='lat' dir='ltr'>nulla</span> <span class='ocrx_word' id='word_1_93' title='bbox 824 750 996 787; x_wconf 82' lang='lat' dir='ltr'>Homerus</span> <span class='ocrx_word' id='word_1_94' title='bbox 1027 751 1154 787; x_wconf 84' lang='lat' dir='ltr'>indicat</span> <span class='ocrx_word' id='word_1_95' title='bbox 1181 755 1317 800; x_wconf 86' lang='lat' dir='ltr'>praeter</span> <span class='ocrx_word' id='word_1_96' title='bbox 1354 750 1537 787; x_wconf 90' lang='lat' dir='ltr'>Cronum</span> <span class='ocrx_word' id='word_1_97' title='bbox 1573 753 1609 786; x_wconf 90' lang='lat' dir='ltr'>et</span> <span class='ocrx_word' id='word_1_98' title='bbox 1644 749 1855 798; x_wconf 77' lang='lat' dir='ltr'>Iapetum,</span> <span class='ocrx_word' id='word_1_99' title='bbox 1894 748 1931 786; x_wconf 89' lang='lat' dir='ltr'>ll.</span> <span class='ocrx_word' id='word_1_100' title='bbox 1964 747 2069 791; x_wconf 83' lang='lat' dir='ltr'>vm,</span> <span class='ocrx_word' id='word_1_101' title='bbox 2100 745 2245 791; x_wconf 54' lang='lat'>47920:</span> 
     </span>
     <span class='ocr_line' id='line_1_10' title="bbox 226 823 1674 871; baseline -0.001 -12"><span class='ocrx_word' id='word_1_102' title='bbox 226 835 430 870; x_wconf 82' lang='lat' dir='ltr'>quamquam</span> <span class='ocrx_word' id='word_1_103' title='bbox 452 825 575 871; x_wconf 82' lang='lat' dir='ltr'>plures</span> <span class='ocrx_word' id='word_1_104' title='bbox 598 825 655 859; x_wconf 83' lang='lat' dir='ltr'>his</span> <span class='ocrx_word' id='word_1_105' title='bbox 680 825 817 859; x_wconf 90' lang='lat' dir='ltr'>duobus</span> <span class='ocrx_word' id='word_1_106' title='bbox 841 826 954 860; x_wconf 81' lang='lat' dir='ltr'>fuisse</span> <span class='ocrx_word' id='word_1_107' title='bbox 976 826 1065 859; x_wconf 81' lang='lat' dir='ltr'>satis</span> <span class='ocrx_word' id='word_1_108' title='bbox 1087 826 1216 860; x_wconf 82' lang='lat' dir='ltr'>diserte</span> <span class='ocrx_word' id='word_1_109' title='bbox 1239 830 1384 861; x_wconf 83' lang='lat' dir='ltr'>testatur</span> <span class='ocrx_word' id='word_1_110' title='bbox 1406 825 1444 860; x_wconf 89' lang='lat' dir='ltr'>ll.</span> <span class='ocrx_word' id='word_1_111' title='bbox 1468 824 1569 864; x_wconf 89' lang='lat' dir='ltr'>XIV,</span> <span class='ocrx_word' id='word_1_112' title='bbox 1591 823 1674 858; x_wconf 81' lang='lat'><strong>274:</strong></span> 
     </span>
    </p>

    <p class='ocr_par' dir='ltr' id='par_1_4' title="bbox 706 896 1717 1017">
     <span class='ocr_line' id='line_1_11' title="bbox 895 896 1237 939; baseline 0.006 -9"><span class='ocrx_word' id='word_1_113' title='bbox 895 896 955 931; x_wconf 76' lang='grc' dir='ltr'>ἵνα</span> <span class='ocrx_word' id='word_1_114' title='bbox 976 898 1066 931; x_wconf 82' lang='grc' dir='ltr'><strong><em>ναῖϊν</em></strong></span> <span class='ocrx_word' id='word_1_115' title='bbox 1087 896 1237 939; x_wconf 76' lang='grc' dir='ltr'><strong><em>ἅπαντες</em></strong></span> 
     </span>
     <span class='ocr_line' id='line_1_12' title="bbox 706 962 1717 1017; baseline 0.001 -13"><span class='ocrx_word' id='word_1_116' title='bbox 706 971 875 1016; x_wconf 77' lang='grc' dir='ltr'><strong><em>μάρτυροι</em></strong></span> <span class='ocrx_word' id='word_1_117' title='bbox 899 962 960 1004; x_wconf 61' lang='grc' dir='ltr'>οἷο)</span> <span class='ocrx_word' id='word_1_118' title='bbox 985 969 1021 1005; x_wconf 78' lang='grc' dir='ltr'>οἱ</span> <span class='ocrx_word' id='word_1_119' title='bbox 1043 969 1163 1015; x_wconf 80' lang='grc' dir='ltr'><strong><em>ἔνερθε</em></strong></span> <span class='ocrx_word' id='word_1_120' title='bbox 1185 969 1266 1006; x_wconf 80' lang='grc' dir='ltr'><strong><em>θεοὶ</em></strong></span> <span class='ocrx_word' id='word_1_121' title='bbox 1291 969 1437 1017; x_wconf 81' lang='grc' dir='ltr'><strong><em>Κρόνον</em></strong></span> <span class='ocrx_word' id='word_1_122' title='bbox 1459 967 1568 1015; x_wconf 70' lang='grc' dir='ltr'>ἀμφὶς</span> <span class='ocrx_word' id='word_1_123' title='bbox 1593 970 1717 1012; x_wconf 77' lang='grc' dir='ltr'><strong><em>ἐόντες.</em></strong></span> 
     </span>
    </p>

    <p class='ocr_par' dir='ltr' id='par_1_5' title="bbox 224 1041 540 1078">
     <span class='ocr_line' id='line_1_13' title="bbox 224 1041 540 1078; baseline 0.003 -1"><span class='ocrx_word' id='word_1_124' title='bbox 224 1045 261 1077; x_wconf 90' lang='lat' dir='ltr'>et</span> <span class='ocrx_word' id='word_1_125' title='bbox 282 1042 329 1077; x_wconf 86' lang='lat' dir='ltr'>ib·</span> <span class='ocrx_word' id='word_1_126' title='bbox 356 1054 386 1076; x_wconf 88' lang='lat' dir='ltr'>v.</span> <span class='ocrx_word' id='word_1_127' title='bbox 409 1041 485 1077; x_wconf 83' lang='lat'><strong>278.</strong></span> <span class='ocrx_word' id='word_1_128' title='bbox 508 1043 540 1078; x_wconf 89' lang='grc'>9.</span> 
     </span>
    </p>
   </div>
   <div class='ocr_carea' id='block_1_3' title="bbox 224 1113 2243 1309">
    <p class='ocr_par' dir='ltr' id='par_1_6' title="bbox 224 1113 2243 1309">
     <span class='ocr_line' id='line_1_14' title="bbox 890 1113 1420 1163; baseline 0.002 -12"><span class='ocrx_word' id='word_1_129' title='bbox 890 1115 1001 1158; x_wconf 76' lang='grc' dir='ltr'><strong><em>θεοὺς</em></strong></span> <span class='ocrx_word' id='word_1_130' title='bbox 1023 1114 1052 1151; x_wconf 86' lang='grc' dir='ltr'>δ’</span> <span class='ocrx_word' id='word_1_131' title='bbox 1055 1113 1240 1163; x_wconf 85' lang='grc' dir='ltr'><strong><em>ω’νόμηνεν</em></strong></span> <span class='ocrx_word' id='word_1_132' title='bbox 1264 1116 1420 1159; x_wconf 74' lang='grc' dir='ltr'><strong><em>ἅπαντας</em></strong></span> 
     </span>
     <span class='ocr_line' id='line_1_15' title="bbox 703 1188 1579 1236; baseline 0.003 -13"><span class='ocrx_word' id='word_1_133' title='bbox 703 1189 786 1231; x_wconf 77' lang='grc' dir='ltr'>τοὺς</span> <span class='ocrx_word' id='word_1_134' title='bbox 814 1188 1114 1235; x_wconf 74' lang='grc' dir='ltr'><strong><em>ὑποταρταρίους,</em></strong></span> <span class='ocrx_word' id='word_1_135' title='bbox 1145 1190 1180 1224; x_wconf 79' lang='grc' dir='ltr'>οἳ</span> <span class='ocrx_word' id='word_1_136' title='bbox 1212 1192 1356 1236; x_wconf 85' lang='grc' dir='ltr'><strong><em>Τιτῆνες</em></strong></span> <span class='ocrx_word' id='word_1_137' title='bbox 1390 1190 1579 1226; x_wconf 75' lang='grc' dir='ltr'><strong><em>καλέονται.</em></strong></span> 
     </span>
     <span class='ocr_line' id='line_1_16' title="bbox 224 1260 2243 1309; baseline 0.001 -14"><span class='ocrx_word' id='word_1_138' title='bbox 224 1260 405 1296; x_wconf 76' lang='lat' dir='ltr'>Oceanum</span> <span class='ocrx_word' id='word_1_139' title='bbox 426 1265 540 1297; x_wconf 90' lang='lat' dir='ltr'>autem</span> <span class='ocrx_word' id='word_1_140' title='bbox 562 1266 598 1297; x_wconf 92' lang='lat' dir='ltr'>et</span> <span class='ocrx_word' id='word_1_141' title='bbox 620 1262 778 1307; x_wconf 88' lang='lat' dir='ltr'>Tethyn,</span> <span class='ocrx_word' id='word_1_142' title='bbox 801 1264 859 1307; x_wconf 86' lang='lat' dir='ltr'>qui</span> <span class='ocrx_word' id='word_1_143' title='bbox 884 1263 976 1308; x_wconf 88' lang='lat' dir='ltr'>apud</span> <span class='ocrx_word' id='word_1_144' title='bbox 994 1263 1188 1296; x_wconf 83' lang='lat' dir='ltr'>Hesiodum</span> <span class='ocrx_word' id='word_1_145' title='bbox 1210 1275 1232 1297; x_wconf 87' lang='lat' dir='ltr'>a</span> <span class='ocrx_word' id='word_1_146' title='bbox 1255 1264 1362 1297; x_wconf 91' lang='lat' dir='ltr'>Coelo</span> <span class='ocrx_word' id='word_1_147' title='bbox 1384 1265 1556 1309; x_wconf 86' lang='lat' dir='ltr'>procreati</span> <span class='ocrx_word' id='word_1_148' title='bbox 1571 1263 1720 1308; x_wconf 90' lang='lat' dir='ltr'>ideoque</span> <span class='ocrx_word' id='word_1_149' title='bbox 1742 1263 1776 1297; x_wconf 90' lang='lat' dir='ltr'>in</span> <span class='ocrx_word' id='word_1_150' title='bbox 1799 1262 1958 1297; x_wconf 79' lang='lat' dir='ltr'>Titanum</span> <span class='ocrx_word' id='word_1_151' title='bbox 1984 1273 2126 1298; x_wconf 86' lang='lat' dir='ltr'>numero</span> <span class='ocrx_word' id='word_1_152' title='bbox 2151 1263 2243 1299; x_wconf 81' lang='lat' dir='ltr'>sunt,</span> 
     </span>
    </p>
   </div>
   <div class='ocr_carea' id='block_1_4' title="bbox 223 1332 2242 1384">
    <p class='ocr_par' dir='ltr' id='par_1_7' title="bbox 223 1332 2242 1384">
     <span class='ocr_line' id='line_1_17' title="bbox 223 1332 2242 1384; baseline 0.001 -17"><span class='ocrx_word' id='word_1_153' title='bbox 223 1333 259 1367; x_wconf 87' lang='lat' dir='ltr'>in</span> <span class='ocrx_word' id='word_1_154' title='bbox 280 1332 420 1368; x_wconf 86' lang='lat' dir='ltr'>Homeri</span> <span class='ocrx_word' id='word_1_155' title='bbox 442 1333 629 1381; x_wconf 84' lang='lat' dir='ltr'>theogonia</span> <span class='ocrx_word' id='word_1_156' title='bbox 650 1335 773 1370; x_wconf 91' lang='lat' dir='ltr'>horum</span> <span class='ocrx_word' id='word_1_157' title='bbox 794 1336 1035 1382; x_wconf 84' lang='lat' dir='ltr'>progenitores</span> <span class='ocrx_word' id='word_1_158' title='bbox 1058 1333 1171 1370; x_wconf 83' lang='lat' dir='ltr'>fuisse</span> <span class='ocrx_word' id='word_1_159' title='bbox 1194 1346 1238 1370; x_wconf 83' lang='lat' dir='ltr'>ex</span> <span class='ocrx_word' id='word_1_160' title='bbox 1259 1336 1320 1376; x_wconf 85' lang='lat' dir='ltr'>iis,</span> <span class='ocrx_word' id='word_1_161' title='bbox 1343 1347 1432 1381; x_wconf 89' lang='lat' dir='ltr'>quae</span> <span class='ocrx_word' id='word_1_162' title='bbox 1455 1349 1562 1384; x_wconf 84' lang='lat' dir='ltr'>supra</span> <span class='ocrx_word' id='word_1_163' title='bbox 1583 1337 1748 1377; x_wconf 83' lang='lat' dir='ltr'>diximus,</span> <span class='ocrx_word' id='word_1_164' title='bbox 1775 1336 1984 1382; x_wconf 83' lang='lat' dir='ltr'>intelligitur.</span> <span class='ocrx_word' id='word_1_165' title='bbox 2027 1335 2083 1371; x_wconf 91' lang='lat' dir='ltr'>De</span> <span class='ocrx_word' id='word_1_166' title='bbox 2104 1336 2242 1377; x_wconf 82' lang='lat' dir='ltr'>Rhea,</span> 
     </span>
    </p>
   </div>
   <div class='ocr_carea' id='block_1_5' title="bbox 232 1485 2241 2832">
    <p class='ocr_par' dir='ltr' id='par_1_8' title="bbox 245 1485 2241 2452">
     <span class='ocr_line' id='line_1_18' title="bbox 245 1485 2239 1527; baseline 0 -11"><span class='ocrx_word' id='word_1_167' title='bbox 245 1485 302 1523; x_wconf 81' lang='lat'>25)</span> <span class='ocrx_word' id='word_1_168' title='bbox 342 1486 368 1515; x_wconf 76' lang='lat' dir='ltr'>A</span> <span class='ocrx_word' id='word_1_169' title='bbox 389 1486 547 1516; x_wconf 89' lang='lat' dir='ltr'>nonnullis</span> <span class='ocrx_word' id='word_1_170' title='bbox 567 1488 671 1517; x_wconf 87' lang='lat' dir='ltr'>Urano</span> <span class='ocrx_word' id='word_1_171' title='bbox 691 1493 813 1526; x_wconf 77' lang='lat' dir='ltr'>patrem</span> <span class='ocrx_word' id='word_1_172' title='bbox 835 1488 1043 1517; x_wconf 77' lang='lat' dir='ltr'>Acmonem</span> <span class='ocrx_word' id='word_1_173' title='bbox 1064 1487 1171 1516; x_wconf 85' lang='lat' dir='ltr'>datum</span> <span class='ocrx_word' id='word_1_174' title='bbox 1193 1496 1264 1517; x_wconf 82' lang='lat' dir='ltr'>esse</span> <span class='ocrx_word' id='word_1_175' title='bbox 1277 1486 1429 1517; x_wconf 84' lang='lat' dir='ltr'>discimus</span> <span class='ocrx_word' id='word_1_176' title='bbox 1451 1498 1488 1518; x_wconf 85' lang='lat' dir='ltr'>ex</span> <span class='ocrx_word' id='word_1_177' title='bbox 1505 1488 1644 1519; x_wconf 74' lang='lat' dir='ltr'>Alcman.</span> <span class='ocrx_word' id='word_1_178' title='bbox 1665 1488 1704 1518; x_wconf 81' lang='lat' dir='ltr'>fr.</span> <span class='ocrx_word' id='word_1_179' title='bbox 1724 1489 1764 1517; x_wconf 81' lang='lat'>29</span> <span class='ocrx_word' id='word_1_180' title='bbox 1785 1498 1815 1527; x_wconf 87' lang='lat' dir='ltr'>p.</span> <span class='ocrx_word' id='word_1_181' title='bbox 1832 1489 1893 1517; x_wconf 78' lang='lat'>248</span> <span class='ocrx_word' id='word_1_182' title='bbox 1907 1487 2018 1516; x_wconf 88' lang='lat' dir='ltr'>delect.</span> <span class='ocrx_word' id='word_1_183' title='bbox 2033 1486 2239 1524; x_wconf 64' lang='lat' dir='ltr'>Schneidew„</span> 
     </span>
     <span class='ocr_line' id='line_1_19' title="bbox 340 1540 2241 1581; baseline 0 -11"><span class='ocrx_word' id='word_1_184' title='bbox 340 1540 518 1571; x_wconf 76' lang='lat' dir='ltr'>Antimaeh.</span> <span class='ocrx_word' id='word_1_185' title='bbox 541 1541 583 1571; x_wconf 82' lang='lat' dir='ltr'>fr.</span> <span class='ocrx_word' id='word_1_186' title='bbox 604 1544 643 1572; x_wconf 80' lang='lat'>42</span> <span class='ocrx_word' id='word_1_187' title='bbox 663 1553 692 1581; x_wconf 89' lang='lat' dir='ltr'>p.</span> <span class='ocrx_word' id='word_1_188' title='bbox 713 1545 751 1572; x_wconf 78' lang='lat'>39</span> <span class='ocrx_word' id='word_1_189' title='bbox 772 1543 892 1578; x_wconf 53' lang='lat' dir='ltr'>Dalm„</span> <span class='ocrx_word' id='word_1_190' title='bbox 921 1541 1056 1572; x_wconf 82' lang='lat' dir='ltr'>Simmia</span> <span class='ocrx_word' id='word_1_191' title='bbox 1076 1541 1107 1571; x_wconf 88' lang='lat' dir='ltr'>in</span> <span class='ocrx_word' id='word_1_192' title='bbox 1134 1541 1228 1571; x_wconf 78' lang='lat' dir='ltr'>Anth.</span> <span class='ocrx_word' id='word_1_193' title='bbox 1248 1541 1317 1571; x_wconf 78' lang='lat' dir='ltr'>Pal.</span> <span class='ocrx_word' id='word_1_194' title='bbox 1347 1542 1412 1579; x_wconf 69' lang='lat' dir='ltr'>XV,</span> <span class='ocrx_word' id='word_1_195' title='bbox 1433 1545 1481 1572; x_wconf 80' lang='lat'>24.</span> <span class='ocrx_word' id='word_1_196' title='bbox 1500 1544 1619 1573; x_wconf 79' lang='lat' dir='ltr'>Tzetze</span> <span class='ocrx_word' id='word_1_197' title='bbox 1644 1542 1806 1573; x_wconf 81' lang='lat' dir='ltr'>Homeric.</span> <span class='ocrx_word' id='word_1_198' title='bbox 1834 1551 1866 1571; x_wconf 71' lang='lat' dir='ltr'>v-</span> <span class='ocrx_word' id='word_1_199' title='bbox 1894 1544 1962 1573; x_wconf 72' lang='lat'><strong>277.</strong></span> <span class='ocrx_word' id='word_1_200' title='bbox 1988 1541 2129 1581; x_wconf 75' lang='lat' dir='ltr'>Hesych.</span> <span class='ocrx_word' id='word_1_201' title='bbox 2156 1551 2180 1570; x_wconf 91' lang='lat' dir='ltr'>s.</span> <span class='ocrx_word' id='word_1_202' title='bbox 2210 1550 2241 1571; x_wconf 80' lang='lat' dir='ltr'>v.</span> 
     </span>
     <span class='ocr_line' id='line_1_20' title="bbox 339 1593 2241 1636; baseline 0 -10"><span class='ocrx_word' id='word_1_203' title='bbox 339 1593 540 1635; x_wconf 76' lang='grc' dir='ltr'><strong><em>Ἀκμονίδης,</em></strong></span> <span class='ocrx_word' id='word_1_204' title='bbox 561 1596 667 1636; x_wconf 85' lang='lat' dir='ltr'>Etym.</span> <span class='ocrx_word' id='word_1_205' title='bbox 691 1597 733 1625; x_wconf 83' lang='lat' dir='ltr'>M.</span> <span class='ocrx_word' id='word_1_206' title='bbox 763 1606 792 1634; x_wconf 88' lang='lat' dir='ltr'>p.</span> <span class='ocrx_word' id='word_1_207' title='bbox 813 1597 862 1625; x_wconf 71' lang='lat'>49.</span> <span class='ocrx_word' id='word_1_208' title='bbox 882 1598 938 1630; x_wconf 82' lang='lat'>⁵0,</span> <span class='ocrx_word' id='word_1_209' title='bbox 969 1595 1115 1625; x_wconf 76' lang='lat' dir='ltr'>Eustath.</span> <span class='ocrx_word' id='word_1_210' title='bbox 1137 1595 1176 1625; x_wconf 88' lang='lat' dir='ltr'>ad</span> <span class='ocrx_word' id='word_1_211' title='bbox 1198 1595 1236 1626; x_wconf 83' lang='lat' dir='ltr'>ll.</span> <span class='ocrx_word' id='word_1_212' title='bbox 1259 1596 1377 1632; x_wconf 81' lang='lat' dir='ltr'>xvm,</span> <span class='ocrx_word' id='word_1_213' title='bbox 1404 1599 1463 1626; x_wconf 76' lang='lat'>476</span> <span class='ocrx_word' id='word_1_214' title='bbox 1484 1609 1511 1636; x_wconf 84' lang='lat' dir='ltr'>p.</span> <span class='ocrx_word' id='word_1_215' title='bbox 1538 1600 1629 1633; x_wconf 81' lang='lat'>1154,</span> <span class='ocrx_word' id='word_1_216' title='bbox 1655 1600 1712 1634; x_wconf 82' lang='lat'>25;</span> <span class='ocrx_word' id='word_1_217' title='bbox 1739 1598 1946 1627; x_wconf 79' lang='lat' dir='ltr'>Acmonem</span> <span class='ocrx_word' id='word_1_218' title='bbox 1973 1600 2078 1625; x_wconf 82' lang='lat' dir='ltr'>nutem</span> <span class='ocrx_word' id='word_1_219' title='bbox 2107 1597 2241 1626; x_wconf 81' lang='lat' dir='ltr'>eundem</span> 
     </span>
     <span class='ocr_line' id='line_1_21' title="bbox 341 1650 2240 1690; baseline 0.001 -10"><span class='ocrx_word' id='word_1_220' title='bbox 341 1661 413 1680; x_wconf 85' lang='lat' dir='ltr'>eum</span> <span class='ocrx_word' id='word_1_221' title='bbox 428 1651 585 1681; x_wconf 85' lang='lat' dir='ltr'>Oceano</span> <span class='ocrx_word' id='word_1_222' title='bbox 606 1661 677 1681; x_wconf 86' lang='lat' dir='ltr'>esse</span> <span class='ocrx_word' id='word_1_223' title='bbox 697 1651 802 1690; x_wconf 81' lang='lat' dir='ltr'>Etym.</span> <span class='ocrx_word' id='word_1_224' title='bbox 815 1650 859 1681; x_wconf 80' lang='lat' dir='ltr'>M.</span> <span class='ocrx_word' id='word_1_225' title='bbox 871 1661 902 1690; x_wconf 86' lang='lat' dir='ltr'>p.</span> <span class='ocrx_word' id='word_1_226' title='bbox 919 1652 967 1679; x_wconf 84' lang='lat'>11.</span> <span class='ocrx_word' id='word_1_227' title='bbox 982 1659 1011 1680; x_wconf 79' lang='lat' dir='ltr'>v.</span> <span class='ocrx_word' id='word_1_228' title='bbox 1026 1652 1065 1679; x_wconf 78' lang='lat'>48</span> <span class='ocrx_word' id='word_1_229' title='bbox 1074 1654 1104 1680; x_wconf 87' lang='lat' dir='ltr'>et</span> <span class='ocrx_word' id='word_1_230' title='bbox 1116 1650 1306 1680; x_wconf 79' lang='lat' dir='ltr'>Eustathius</span> <span class='ocrx_word' id='word_1_231' title='bbox 1327 1662 1357 1690; x_wconf 84' lang='lat' dir='ltr'>p.</span> <span class='ocrx_word' id='word_1_232' title='bbox 1381 1654 1468 1686; x_wconf 80' lang='lat'>1150,</span> <span class='ocrx_word' id='word_1_233' title='bbox 1491 1654 1541 1686; x_wconf 77' lang='lat'>60,</span> <span class='ocrx_word' id='word_1_234' title='bbox 1563 1651 1685 1687; x_wconf 83' lang='lat' dir='ltr'>docent,</span> <span class='ocrx_word' id='word_1_235' title='bbox 1707 1651 1831 1681; x_wconf 82' lang='lat' dir='ltr'>seilicet</span> <span class='ocrx_word' id='word_1_236' title='bbox 1849 1656 1979 1690; x_wconf 87' lang='lat' dir='ltr'>propter</span> <span class='ocrx_word' id='word_1_237' title='bbox 1991 1651 2055 1679; x_wconf 76' lang='lat' dir='ltr'>vim</span> <span class='ocrx_word' id='word_1_238' title='bbox 2069 1650 2137 1680; x_wconf 88' lang='lat' dir='ltr'>eius</span> <span class='ocrx_word' id='word_1_239' title='bbox 2152 1651 2240 1681; x_wconf 87' lang='lat' dir='ltr'>inde-</span> 
     </span>
     <span class='ocr_line' id='line_1_22' title="bbox 336 1702 2241 1745; baseline 0.001 -11"><span class='ocrx_word' id='word_1_240' title='bbox 336 1704 480 1742; x_wconf 78' lang='lat' dir='ltr'>fessam,</span> <span class='ocrx_word' id='word_1_241' title='bbox 500 1706 764 1744; x_wconf 71' lang='lat' dir='ltr'>quemadmodum</span> <span class='ocrx_word' id='word_1_242' title='bbox 786 1704 882 1734; x_wconf 83' lang='lat' dir='ltr'>etiam</span> <span class='ocrx_word' id='word_1_243' title='bbox 903 1704 994 1733; x_wconf 82' lang='lat' dir='ltr'>fluvii</span> <span class='ocrx_word' id='word_1_244' title='bbox 1019 1702 1172 1742; x_wconf 70' lang='grc' dir='ltr'><strong><em>ἀκάματοι</em></strong></span> <span class='ocrx_word' id='word_1_245' title='bbox 1197 1705 1352 1735; x_wconf 86' lang='lat' dir='ltr'>dicuntur.</span> <span class='ocrx_word' id='word_1_246' title='bbox 1390 1705 1544 1735; x_wconf 76' lang='lat' dir='ltr'>Convenit</span> <span class='ocrx_word' id='word_1_247' title='bbox 1570 1705 1671 1745; x_wconf 81' lang='lat' dir='ltr'>igitur</span> <span class='ocrx_word' id='word_1_248' title='bbox 1697 1705 1763 1734; x_wconf 89' lang='lat' dir='ltr'>illis</span> <span class='ocrx_word' id='word_1_249' title='bbox 1790 1706 1943 1734; x_wconf 85' lang='lat' dir='ltr'>hactenus</span> <span class='ocrx_word' id='word_1_250' title='bbox 1968 1706 2083 1734; x_wconf 78' lang='lat' dir='ltr'>saltem</span> <span class='ocrx_word' id='word_1_251' title='bbox 2111 1715 2181 1734; x_wconf 90' lang='lat' dir='ltr'>cum</span> <span class='ocrx_word' id='word_1_252' title='bbox 2203 1715 2241 1736; x_wconf 83' lang='lat' dir='ltr'>ea</span> 
     </span>
     <span class='ocr_line' id='line_1_23' title="bbox 335 1757 2241 1799; baseline 0.001 -11"><span class='ocrx_word' id='word_1_253' title='bbox 335 1758 476 1795; x_wconf 86' lang='lat' dir='ltr'>ratione,</span> <span class='ocrx_word' id='word_1_254' title='bbox 506 1768 600 1797; x_wconf 84' lang='lat' dir='ltr'>quam</span> <span class='ocrx_word' id='word_1_255' title='bbox 632 1769 693 1799; x_wconf 76' lang='lat' dir='ltr'>ego</span> <span class='ocrx_word' id='word_1_256' title='bbox 717 1760 856 1787; x_wconf 82' lang='lat' dir='ltr'>Homero</span> <span class='ocrx_word' id='word_1_257' title='bbox 886 1757 1006 1787; x_wconf 87' lang='lat' dir='ltr'>tribuo:</span> <span class='ocrx_word' id='word_1_258' title='bbox 1033 1758 1192 1797; x_wconf 72' lang='lat' dir='ltr'>discrepat</span> <span class='ocrx_word' id='word_1_259' title='bbox 1213 1763 1341 1796; x_wconf 82' lang='lat' dir='ltr'>autem,</span> <span class='ocrx_word' id='word_1_260' title='bbox 1363 1759 1443 1798; x_wconf 85' lang='lat' dir='ltr'>quod</span> <span class='ocrx_word' id='word_1_261' title='bbox 1465 1758 1596 1789; x_wconf 70' lang='lat' dir='ltr'>Acmoni</span> <span class='ocrx_word' id='word_1_262' title='bbox 1624 1758 1685 1798; x_wconf 84' lang='lat' dir='ltr'>ipsi</span> <span class='ocrx_word' id='word_1_263' title='bbox 1706 1762 1839 1789; x_wconf 86' lang='lat' dir='ltr'>matrem</span> <span class='ocrx_word' id='word_1_264' title='bbox 1861 1758 2023 1787; x_wconf 83' lang='lat' dir='ltr'>Tellurem</span> <span class='ocrx_word' id='word_1_265' title='bbox 2042 1758 2148 1788; x_wconf 86' lang='lat' dir='ltr'>datam</span> <span class='ocrx_word' id='word_1_266' title='bbox 2171 1769 2241 1790; x_wconf 88' lang='lat' dir='ltr'>esse</span> 
     </span>
     <span class='ocr_line' id='line_1_24' title="bbox 335 1811 2240 1854; baseline 0.001 -12"><span class='ocrx_word' id='word_1_267' title='bbox 335 1812 495 1843; x_wconf 74' lang='lat' dir='ltr'>Alemanis</span> <span class='ocrx_word' id='word_1_268' title='bbox 516 1823 627 1843; x_wconf 81' lang='lat' dir='ltr'>versus</span> <span class='ocrx_word' id='word_1_269' title='bbox 648 1813 757 1850; x_wconf 80' lang='lat' dir='ltr'>docet,</span> <span class='ocrx_word' id='word_1_270' title='bbox 781 1823 874 1853; x_wconf 85' lang='lat' dir='ltr'>quam</span> <span class='ocrx_word' id='word_1_271' title='bbox 896 1813 1040 1852; x_wconf 84' lang='lat' dir='ltr'>equidem</span> <span class='ocrx_word' id='word_1_272' title='bbox 1062 1812 1093 1842; x_wconf 90' lang='lat' dir='ltr'>in</span> <span class='ocrx_word' id='word_1_273' title='bbox 1113 1811 1247 1842; x_wconf 78' lang='lat' dir='ltr'>Homeri</span> <span class='ocrx_word' id='word_1_274' title='bbox 1269 1814 1441 1854; x_wconf 81' lang='lat' dir='ltr'>theogonia</span> <span class='ocrx_word' id='word_1_275' title='bbox 1460 1814 1560 1844; x_wconf 79' lang='lat' dir='ltr'>filiam</span> <span class='ocrx_word' id='word_1_276' title='bbox 1582 1814 1688 1852; x_wconf 81' lang='lat' dir='ltr'>potius</span> <span class='ocrx_word' id='word_1_277' title='bbox 1708 1813 1825 1844; x_wconf 80' lang='lat' dir='ltr'>Oceani</span> <span class='ocrx_word' id='word_1_278' title='bbox 1847 1813 1947 1843; x_wconf 77' lang='lat' dir='ltr'>fuisse</span> <span class='ocrx_word' id='word_1_279' title='bbox 1969 1813 2114 1844; x_wconf 86' lang='lat' dir='ltr'>coniicio.</span> <span class='ocrx_word' id='word_1_280' title='bbox 2155 1816 2240 1844; x_wconf 83' lang='lat' dir='ltr'>Uxo-</span> 
     </span>
     <span class='ocr_line' id='line_1_25' title="bbox 337 1866 2237 1907; baseline 0.001 -11"><span class='ocrx_word' id='word_1_281' title='bbox 337 1878 403 1896; x_wconf 85' lang='lat' dir='ltr'>rem</span> <span class='ocrx_word' id='word_1_282' title='bbox 425 1868 557 1897; x_wconf 81' lang='lat' dir='ltr'>Acrnoni</span> <span class='ocrx_word' id='word_1_283' title='bbox 578 1878 637 1897; x_wconf 89' lang='lat' dir='ltr'>non</span> <span class='ocrx_word' id='word_1_284' title='bbox 663 1868 762 1897; x_wconf 83' lang='lat' dir='ltr'>aliam</span> <span class='ocrx_word' id='word_1_285' title='bbox 783 1877 877 1906; x_wconf 78' lang='lat' dir='ltr'>quam</span> <span class='ocrx_word' id='word_1_286' title='bbox 899 1872 1047 1901; x_wconf 81' lang='lat' dir='ltr'>matrem,</span> <span class='ocrx_word' id='word_1_287' title='bbox 1074 1867 1106 1895; x_wconf 88' lang='lat' dir='ltr'>h.</span> <span class='ocrx_word' id='word_1_288' title='bbox 1127 1876 1153 1895; x_wconf 91' lang='lat' dir='ltr'>e.</span> <span class='ocrx_word' id='word_1_289' title='bbox 1176 1867 1340 1896; x_wconf 85' lang='lat' dir='ltr'>Tellurem</span> <span class='ocrx_word' id='word_1_290' title='bbox 1370 1867 1471 1896; x_wconf 82' lang='lat' dir='ltr'>fuisse</span> <span class='ocrx_word' id='word_1_291' title='bbox 1502 1867 1708 1904; x_wconf 76' lang='lat' dir='ltr'>crediderim,</span> <span class='ocrx_word' id='word_1_292' title='bbox 1738 1866 2001 1906; x_wconf 72' lang='lat' dir='ltr'>quemadmodum</span> <span class='ocrx_word' id='word_1_293' title='bbox 2029 1867 2126 1896; x_wconf 86' lang='lat' dir='ltr'>etiam</span> <span class='ocrx_word' id='word_1_294' title='bbox 2154 1869 2237 1907; x_wconf 82' lang='lat' dir='ltr'>apud</span> 
     </span>
     <span class='ocr_line' id='line_1_26' title="bbox 335 1921 2240 1961; baseline 0.001 -9"><span class='ocrx_word' id='word_1_295' title='bbox 335 1922 513 1952; x_wconf 76' lang='lat' dir='ltr'>Hesiodum</span> <span class='ocrx_word' id='word_1_296' title='bbox 534 1923 644 1952; x_wconf 85' lang='lat' dir='ltr'>eadem</span> <span class='ocrx_word' id='word_1_297' title='bbox 666 1927 698 1953; x_wconf 85' lang='lat' dir='ltr'>et</span> <span class='ocrx_word' id='word_1_298' title='bbox 719 1927 821 1953; x_wconf 87' lang='lat' dir='ltr'>mater</span> <span class='ocrx_word' id='word_1_299' title='bbox 841 1922 932 1951; x_wconf 89' lang='lat' dir='ltr'>Coeli</span> <span class='ocrx_word' id='word_1_300' title='bbox 953 1926 985 1952; x_wconf 87' lang='lat' dir='ltr'>et</span> <span class='ocrx_word' id='word_1_301' title='bbox 1005 1931 1082 1951; x_wconf 84' lang='lat' dir='ltr'>uxor</span> <span class='ocrx_word' id='word_1_302' title='bbox 1102 1925 1160 1952; x_wconf 88' lang='lat' dir='ltr'>est.</span> <span class='ocrx_word' id='word_1_303' title='bbox 1186 1938 1228 1946; x_wconf 93' lang='lat'>—</span> <span class='ocrx_word' id='word_1_304' title='bbox 1267 1922 1314 1950; x_wconf 79' lang='lat' dir='ltr'>Ab</span> <span class='ocrx_word' id='word_1_305' title='bbox 1336 1921 1409 1951; x_wconf 85' lang='lat' dir='ltr'>aliis</span> <span class='ocrx_word' id='word_1_306' title='bbox 1429 1922 1576 1952; x_wconf 80' lang='lat' dir='ltr'>Acmonis</span> <span class='ocrx_word' id='word_1_307' title='bbox 1597 1933 1709 1952; x_wconf 88' lang='lat' dir='ltr'>nomen</span> <span class='ocrx_word' id='word_1_308' title='bbox 1729 1922 1791 1961; x_wconf 80' lang='lat' dir='ltr'>ipsi</span> <span class='ocrx_word' id='word_1_309' title='bbox 1812 1921 1909 1951; x_wconf 86' lang='lat' dir='ltr'>Coelo</span> <span class='ocrx_word' id='word_1_310' title='bbox 1930 1921 2063 1951; x_wconf 81' lang='lat' dir='ltr'>inditum</span> <span class='ocrx_word' id='word_1_311' title='bbox 2084 1933 2154 1952; x_wconf 85' lang='lat' dir='ltr'>esse</span> <span class='ocrx_word' id='word_1_312' title='bbox 2173 1924 2240 1953; x_wconf 85' lang='lat' dir='ltr'>Eu-</span> 
     </span>
     <span class='ocr_line' id='line_1_27' title="bbox 339 1973 2238 2014; baseline 0.001 -8"><span class='ocrx_word' id='word_1_313' title='bbox 339 1976 478 2006; x_wconf 86' lang='lat' dir='ltr'>stathius</span> <span class='ocrx_word' id='word_1_314' title='bbox 500 1986 529 2014; x_wconf 84' lang='lat' dir='ltr'>p.</span> <span class='ocrx_word' id='word_1_315' title='bbox 555 1979 647 2012; x_wconf 81' lang='lat'>1150,</span> <span class='ocrx_word' id='word_1_316' title='bbox 670 1978 709 2005; x_wconf 83' lang='lat'>59</span> <span class='ocrx_word' id='word_1_317' title='bbox 730 1976 797 2013; x_wconf 86' lang='lat' dir='ltr'>ait,</span> <span class='ocrx_word' id='word_1_318' title='bbox 816 1974 878 2006; x_wconf 71' lang='lat' dir='ltr'>nim)</span> <span class='ocrx_word' id='word_1_319' title='bbox 901 1974 954 2014; x_wconf 80' lang='grc' dir='ltr'>τῆς</span> <span class='ocrx_word' id='word_1_320' title='bbox 975 1973 1028 2005; x_wconf 75' lang='grc' dir='ltr'>τοῦ</span> <span class='ocrx_word' id='word_1_321' title='bbox 1049 1973 1175 2013; x_wconf 73' lang='grc' dir='ltr'><strong><em>οὖρανοῖ</em></strong></span> <span class='ocrx_word' id='word_1_322' title='bbox 1195 1973 1356 2013; x_wconf 69' lang='grc' dir='ltr'><strong><em>ἀκαμάτων</em></strong></span> <span class='ocrx_word' id='word_1_323' title='bbox 1377 1974 1505 2014; x_wconf 72' lang='grc' dir='ltr'>φύσεωςε</span> <span class='ocrx_word' id='word_1_324' title='bbox 1533 1980 1589 2006; x_wconf 84' lang='lat' dir='ltr'>aut</span> <span class='ocrx_word' id='word_1_325' title='bbox 1609 1976 1749 2013; x_wconf 83' lang='lat' dir='ltr'>aetheri,</span> <span class='ocrx_word' id='word_1_326' title='bbox 1772 1986 1865 2014; x_wconf 87' lang='lat' dir='ltr'>quem</span> <span class='ocrx_word' id='word_1_327' title='bbox 1887 1975 1984 2004; x_wconf 89' lang='lat' dir='ltr'>Coelo</span> <span class='ocrx_word' id='word_1_328' title='bbox 2000 1980 2121 2014; x_wconf 76' lang='lat' dir='ltr'>patrem</span> <span class='ocrx_word' id='word_1_329' title='bbox 2143 1977 2238 2007; x_wconf 87' lang='lat' dir='ltr'>dede-</span> 
     </span>
     <span class='ocr_line' id='line_1_28' title="bbox 340 2026 2241 2071; baseline 0 -11"><span class='ocrx_word' id='word_1_330' title='bbox 340 2034 434 2066; x_wconf 82' lang='lat' dir='ltr'>runt,</span> <span class='ocrx_word' id='word_1_331' title='bbox 455 2030 560 2068; x_wconf 68' lang='lat' dir='ltr'>Etym.</span> <span class='ocrx_word' id='word_1_332' title='bbox 580 2031 601 2059; x_wconf 92' lang='lat' dir='ltr'>l.</span> <span class='ocrx_word' id='word_1_333' title='bbox 621 2031 643 2059; x_wconf 97' lang='lat' dir='ltr'>l.</span> <span class='ocrx_word' id='word_1_334' title='bbox 667 2040 697 2059; x_wconf 86' lang='lat' dir='ltr'>v.</span> <span class='ocrx_word' id='word_1_335' title='bbox 716 2033 764 2066; x_wconf 81' lang='lat'>51,</span> <span class='ocrx_word' id='word_1_336' title='bbox 786 2035 841 2060; x_wconf 84' lang='lat' dir='ltr'>aut</span> <span class='ocrx_word' id='word_1_337' title='bbox 862 2030 997 2068; x_wconf 79' lang='lat' dir='ltr'>denique</span> <span class='ocrx_word' id='word_1_338' title='bbox 1017 2029 1169 2065; x_wconf 84' lang='lat' dir='ltr'>Saturno,</span> <span class='ocrx_word' id='word_1_339' title='bbox 1197 2029 1341 2068; x_wconf 63' lang='lat' dir='ltr'>Rechlr.</span> <span class='ocrx_word' id='word_1_340' title='bbox 1363 2038 1388 2057; x_wconf 89' lang='lat' dir='ltr'>s.</span> <span class='ocrx_word' id='word_1_341' title='bbox 1410 2039 1440 2058; x_wconf 82' lang='lat' dir='ltr'>v.</span> <span class='ocrx_word' id='word_1_342' title='bbox 1453 2026 1600 2069; x_wconf 61' lang='lat' dir='ltr'>&#39;&#39;Axur-w,</span> <span class='ocrx_word' id='word_1_343' title='bbox 1622 2031 1663 2061; x_wconf 80' lang='lat' dir='ltr'>al)</span> <span class='ocrx_word' id='word_1_344' title='bbox 1682 2030 1741 2068; x_wconf 89' lang='lat' dir='ltr'>iis,</span> <span class='ocrx_word' id='word_1_345' title='bbox 1762 2028 1890 2070; x_wconf 79' lang='lat' dir='ltr'>opinor,</span> <span class='ocrx_word' id='word_1_346' title='bbox 1911 2029 1965 2068; x_wconf 84' lang='lat' dir='ltr'>qni</span> <span class='ocrx_word' id='word_1_347' title='bbox 1985 2030 2069 2060; x_wconf 86' lang='lat' dir='ltr'>hunc</span> <span class='ocrx_word' id='word_1_348' title='bbox 2089 2032 2241 2071; x_wconf 74' lang='lat' dir='ltr'>temporis</span> 
     </span>
     <span class='ocr_line' id='line_1_29' title="bbox 336 2083 2237 2125; baseline 0.002 -11"><span class='ocrx_word' id='word_1_349' title='bbox 336 2084 430 2114; x_wconf 81' lang='lat' dir='ltr'>deum</span> <span class='ocrx_word' id='word_1_350' title='bbox 452 2093 521 2113; x_wconf 84' lang='lat' dir='ltr'>csse</span> <span class='ocrx_word' id='word_1_351' title='bbox 541 2089 727 2115; x_wconf 85' lang='lat' dir='ltr'>statuerunt.</span> <span class='ocrx_word' id='word_1_352' title='bbox 756 2102 792 2108; x_wconf 90' lang='lat'>—-</span> <span class='ocrx_word' id='word_1_353' title='bbox 834 2085 985 2115; x_wconf 85' lang='lat' dir='ltr'>Ceterum</span> <span class='ocrx_word' id='word_1_354' title='bbox 1007 2084 1152 2123; x_wconf 83' lang='lat' dir='ltr'>quoniam</span> <span class='ocrx_word' id='word_1_355' title='bbox 1174 2083 1322 2113; x_wconf 70' lang='lat' dir='ltr'>Acmonia</span> <span class='ocrx_word' id='word_1_356' title='bbox 1344 2084 1535 2115; x_wconf 83' lang='lat' dir='ltr'>mentionem</span> <span class='ocrx_word' id='word_1_357' title='bbox 1562 2085 1647 2121; x_wconf 81' lang='lat' dir='ltr'>feci,</span> <span class='ocrx_word' id='word_1_358' title='bbox 1674 2086 1789 2115; x_wconf 77' lang='lat' dir='ltr'>vellem</span> <span class='ocrx_word' id='word_1_359' title='bbox 1811 2085 1907 2114; x_wconf 85' lang='lat' dir='ltr'>huius</span> <span class='ocrx_word' id='word_1_360' title='bbox 1928 2084 2160 2122; x_wconf 70' lang='lat' dir='ltr'>meminissent,</span> <span class='ocrx_word' id='word_1_361' title='bbox 2183 2087 2237 2125; x_wconf 83' lang='lat' dir='ltr'>qui</span> 
     </span>
     <span class='ocr_line' id='line_1_30' title="bbox 336 2137 2237 2179; baseline 0.002 -11"><span class='ocrx_word' id='word_1_362' title='bbox 336 2140 483 2179; x_wconf 83' lang='lat' dir='ltr'>planetae</span> <span class='ocrx_word' id='word_1_363' title='bbox 504 2149 603 2177; x_wconf 82' lang='lat' dir='ltr'>nuper</span> <span class='ocrx_word' id='word_1_364' title='bbox 622 2139 747 2169; x_wconf 87' lang='lat' dir='ltr'>invento</span> <span class='ocrx_word' id='word_1_365' title='bbox 768 2149 880 2169; x_wconf 89' lang='lat' dir='ltr'>nomen</span> <span class='ocrx_word' id='word_1_366' title='bbox 902 2139 1155 2179; x_wconf 75' lang='lat' dir='ltr'>mythologicum</span> <span class='ocrx_word' id='word_1_367' title='bbox 1178 2137 1410 2178; x_wconf 86' lang='lat' dir='ltr'>quaesiverunt.</span> <span class='ocrx_word' id='word_1_368' title='bbox 1450 2138 1529 2168; x_wconf 72' lang='lat' dir='ltr'>Nam</span> <span class='ocrx_word' id='word_1_369' title='bbox 1550 2149 1646 2178; x_wconf 82' lang='lat' dir='ltr'>quum</span> <span class='ocrx_word' id='word_1_370' title='bbox 1666 2139 1698 2170; x_wconf 89' lang='lat' dir='ltr'>in</span> <span class='ocrx_word' id='word_1_371' title='bbox 1719 2139 1832 2169; x_wconf 73' lang='lat' dir='ltr'>ceteris</span> <span class='ocrx_word' id='word_1_372' title='bbox 1846 2139 2042 2179; x_wconf 77' lang='lat' dir='ltr'>planetarum</span> <span class='ocrx_word' id='word_1_373' title='bbox 2058 2140 2237 2171; x_wconf 84' lang='lat' dir='ltr'>nominibus</span> 
     </span>
     <span class='ocr_line' id='line_1_31' title="bbox 337 2193 2235 2231; baseline 0.001 -7"><span class='ocrx_word' id='word_1_374' title='bbox 337 2194 392 2224; x_wconf 76' lang='lat' dir='ltr'>hic</span> <span class='ocrx_word' id='word_1_375' title='bbox 413 2194 489 2223; x_wconf 87' lang='lat' dir='ltr'>ordo</span> <span class='ocrx_word' id='word_1_376' title='bbox 511 2197 654 2222; x_wconf 70' lang='lat' dir='ltr'>serratus</span> <span class='ocrx_word' id='word_1_377' title='bbox 675 2193 731 2229; x_wconf 68' lang='lat' dir='ltr'>sit,</span> <span class='ocrx_word' id='word_1_378' title='bbox 756 2199 792 2224; x_wconf 88' lang='lat' dir='ltr'>ut</span> <span class='ocrx_word' id='word_1_379' title='bbox 812 2194 938 2224; x_wconf 81' lang='lat' dir='ltr'>initium</span> <span class='ocrx_word' id='word_1_380' title='bbox 959 2193 1053 2222; x_wconf 80' lang='lat' dir='ltr'>fieret</span> <span class='ocrx_word' id='word_1_381' title='bbox 1073 2204 1091 2222; x_wconf 83' lang='lat' dir='ltr'>a</span> <span class='ocrx_word' id='word_1_382' title='bbox 1112 2194 1172 2222; x_wconf 89' lang='lat' dir='ltr'>diis</span> <span class='ocrx_word' id='word_1_383' title='bbox 1192 2193 1389 2229; x_wconf 86' lang='lat' dir='ltr'>iunioribus,</span> <span class='ocrx_word' id='word_1_384' title='bbox 1410 2193 1496 2222; x_wconf 86' lang='lat' dir='ltr'>Iovis</span> <span class='ocrx_word' id='word_1_385' title='bbox 1517 2193 1645 2229; x_wconf 77' lang='lat' dir='ltr'>liberie,</span> <span class='ocrx_word' id='word_1_386' title='bbox 1666 2194 1837 2230; x_wconf 78' lang='lat' dir='ltr'>Mercurio,</span> <span class='ocrx_word' id='word_1_387' title='bbox 1860 2194 1994 2228; x_wconf 65' lang='lat' dir='ltr'>Venere,</span> <span class='ocrx_word' id='word_1_388' title='bbox 2019 2194 2138 2231; x_wconf 80' lang='lat' dir='ltr'>Marte,</span> <span class='ocrx_word' id='word_1_389' title='bbox 2161 2195 2235 2225; x_wconf 85' lang='lat' dir='ltr'>Pal-</span> 
     </span>
     <span class='ocr_line' id='line_1_32' title="bbox 337 2247 2236 2288; baseline 0.002 -10"><span class='ocrx_word' id='word_1_390' title='bbox 337 2248 426 2284; x_wconf 75' lang='lat' dir='ltr'>lade,</span> <span class='ocrx_word' id='word_1_391' title='bbox 448 2248 509 2276; x_wconf 78' lang='lat' dir='ltr'>hos</span> <span class='ocrx_word' id='word_1_392' title='bbox 529 2251 636 2276; x_wconf 87' lang='lat' dir='ltr'>autem</span> <span class='ocrx_word' id='word_1_393' title='bbox 656 2252 859 2287; x_wconf 72' lang='lat' dir='ltr'>sequerentur</span> <span class='ocrx_word' id='word_1_394' title='bbox 878 2248 965 2279; x_wconf 77' lang='lat' dir='ltr'>Iovis</span> <span class='ocrx_word' id='word_1_395' title='bbox 987 2256 1111 2277; x_wconf 88' lang='lat' dir='ltr'>sorores</span> <span class='ocrx_word' id='word_1_396' title='bbox 1132 2247 1242 2285; x_wconf 77' lang='lat' dir='ltr'>Vesta,</span> <span class='ocrx_word' id='word_1_397' title='bbox 1271 2247 1368 2284; x_wconf 88' lang='lat' dir='ltr'>luno,</span> <span class='ocrx_word' id='word_1_398' title='bbox 1396 2247 1511 2285; x_wconf 87' lang='lat' dir='ltr'>Ceres,</span> <span class='ocrx_word' id='word_1_399' title='bbox 1539 2251 1613 2278; x_wconf 90' lang='lat' dir='ltr'>tunc</span> <span class='ocrx_word' id='word_1_400' title='bbox 1632 2247 1700 2287; x_wconf 82' lang='lat' dir='ltr'>ipse</span> <span class='ocrx_word' id='word_1_401' title='bbox 1721 2247 1859 2288; x_wconf 84' lang='lat' dir='ltr'>Iupiter,</span> <span class='ocrx_word' id='word_1_402' title='bbox 1887 2252 1959 2288; x_wconf 82' lang='lat' dir='ltr'>post</span> <span class='ocrx_word' id='word_1_403' title='bbox 1978 2248 2047 2278; x_wconf 88' lang='lat' dir='ltr'>eius</span> <span class='ocrx_word' id='word_1_404' title='bbox 2068 2253 2158 2287; x_wconf 83' lang='lat' dir='ltr'>pater</span> <span class='ocrx_word' id='word_1_405' title='bbox 2176 2250 2236 2281; x_wconf 83' lang='lat' dir='ltr'>Sa·—</span> 
     </span>
     <span class='ocr_line' id='line_1_33' title="bbox 337 2302 2234 2343; baseline 0 -8"><span class='ocrx_word' id='word_1_406' title='bbox 337 2310 463 2340; x_wconf 82' lang='lat' dir='ltr'>turnus,</span> <span class='ocrx_word' id='word_1_407' title='bbox 492 2308 655 2342; x_wconf 77' lang='lat' dir='ltr'>postremo</span> <span class='ocrx_word' id='word_1_408' title='bbox 682 2312 761 2332; x_wconf 83' lang='lat' dir='ltr'>avus</span> <span class='ocrx_word' id='word_1_409' title='bbox 785 2304 926 2333; x_wconf 81' lang='lat' dir='ltr'>Uranus:</span> <span class='ocrx_word' id='word_1_410' title='bbox 957 2303 1041 2341; x_wconf 82' lang='lat' dir='ltr'>quod</span> <span class='ocrx_word' id='word_1_411' title='bbox 1068 2303 1172 2340; x_wconf 85' lang='lat' dir='ltr'>aptius</span> <span class='ocrx_word' id='word_1_412' title='bbox 1191 2303 1268 2332; x_wconf 86' lang='lat' dir='ltr'>huic</span> <span class='ocrx_word' id='word_1_413' title='bbox 1288 2302 1403 2332; x_wconf 88' lang='lat' dir='ltr'>ultimo</span> <span class='ocrx_word' id='word_1_414' title='bbox 1430 2312 1529 2342; x_wconf 84' lang='lat' dir='ltr'>nuper</span> <span class='ocrx_word' id='word_1_415' title='bbox 1556 2302 1682 2332; x_wconf 87' lang='lat' dir='ltr'>invento</span> <span class='ocrx_word' id='word_1_416' title='bbox 1709 2302 1829 2342; x_wconf 79' lang='lat' dir='ltr'>imponi</span> <span class='ocrx_word' id='word_1_417' title='bbox 1852 2313 1965 2333; x_wconf 87' lang='lat' dir='ltr'>nomen</span> <span class='ocrx_word' id='word_1_418' title='bbox 1992 2303 2111 2341; x_wconf 85' lang='lat' dir='ltr'>potuit,</span> <span class='ocrx_word' id='word_1_419' title='bbox 2141 2314 2234 2343; x_wconf 81' lang='lat' dir='ltr'>quam</span> 
     </span>
     <span class='ocr_line' id='line_1_34' title="bbox 336 2356 2235 2397; baseline 0.001 -9"><span class='ocrx_word' id='word_1_420' title='bbox 336 2359 423 2395; x_wconf 86' lang='lat' dir='ltr'>eius,</span> <span class='ocrx_word' id='word_1_421' title='bbox 444 2357 500 2397; x_wconf 86' lang='lat' dir='ltr'>qui</span> <span class='ocrx_word' id='word_1_422' title='bbox 521 2357 618 2387; x_wconf 83' lang='lat' dir='ltr'>Urani</span> <span class='ocrx_word' id='word_1_423' title='bbox 639 2361 743 2396; x_wconf 86' lang='lat' dir='ltr'>pater,</span> <span class='ocrx_word' id='word_1_424' title='bbox 766 2357 893 2387; x_wconf 79' lang='lat' dir='ltr'>Saturni</span> <span class='ocrx_word' id='word_1_425' title='bbox 914 2367 1012 2393; x_wconf 85' lang='lat' dir='ltr'>avus,</span> <span class='ocrx_word' id='word_1_426' title='bbox 1034 2356 1119 2385; x_wconf 81' lang='lat' dir='ltr'>Iovis</span> <span class='ocrx_word' id='word_1_427' title='bbox 1145 2367 1282 2396; x_wconf 80' lang='lat' dir='ltr'>proavus</span> <span class='ocrx_word' id='word_1_428' title='bbox 1303 2357 1395 2388; x_wconf 68' lang='lat' dir='ltr'>erat?</span> <span class='ocrx_word' id='word_1_429' title='bbox 1434 2356 1571 2397; x_wconf 74' lang='lat' dir='ltr'>Neptuni</span> <span class='ocrx_word' id='word_1_430' title='bbox 1598 2361 1684 2387; x_wconf 87' lang='lat' dir='ltr'>eerte</span> <span class='ocrx_word' id='word_1_431' title='bbox 1712 2367 1841 2395; x_wconf 90' lang='lat' dir='ltr'>nomen,</span> <span class='ocrx_word' id='word_1_432' title='bbox 1870 2357 1902 2388; x_wconf 90' lang='lat' dir='ltr'>in</span> <span class='ocrx_word' id='word_1_433' title='bbox 1930 2357 2012 2396; x_wconf 83' lang='lat' dir='ltr'>quod</span> <span class='ocrx_word' id='word_1_434' title='bbox 2042 2358 2235 2389; x_wconf 75' lang='lat' dir='ltr'>consensisse</span> 
     </span>
     <span class='ocr_line' id='line_1_35' title="bbox 332 2411 1187 2452; baseline -0.004 -8"><span class='ocrx_word' id='word_1_435' title='bbox 332 2417 490 2444; x_wconf 75' lang='lat' dir='ltr'>nostrates</span> <span class='ocrx_word' id='word_1_436' title='bbox 509 2411 669 2452; x_wconf 75' lang='lat' dir='ltr'>astrologi</span> <span class='ocrx_word' id='word_1_437' title='bbox 690 2411 852 2448; x_wconf 83' lang='lat' dir='ltr'>dicuntur,</span> <span class='ocrx_word' id='word_1_438' title='bbox 875 2412 981 2441; x_wconf 83' lang='lat' dir='ltr'>minus</span> <span class='ocrx_word' id='word_1_439' title='bbox 1001 2415 1109 2450; x_wconf 83' lang='lat' dir='ltr'>aptum</span> <span class='ocrx_word' id='word_1_440' title='bbox 1130 2415 1187 2441; x_wconf 85' lang='lat' dir='ltr'>est.</span> 
     </span>
    </p>

    <p class='ocr_par' dir='ltr' id='par_1_9' title="bbox 235 2465 1382 2507">
     <span class='ocr_line' id='line_1_36' title="bbox 235 2465 1382 2507; baseline -0.002 -11"><span class='ocrx_word' id='word_1_441' title='bbox 235 2468 292 2507; x_wconf 71' lang='lat'>26)</span> <span class='ocrx_word' id='word_1_442' title='bbox 332 2467 403 2496; x_wconf 76' lang='lat' dir='ltr'>vid.</span> <span class='ocrx_word' id='word_1_443' title='bbox 425 2466 483 2496; x_wconf 71' lang='lat' dir='ltr'>od.</span> <span class='ocrx_word' id='word_1_444' title='bbox 506 2466 583 2501; x_wconf 72' lang='lat' dir='ltr'>vn,</span> <span class='ocrx_word' id='word_1_445' title='bbox 604 2467 673 2495; x_wconf 71' lang='lat'><strong>³24.</strong></span> <span class='ocrx_word' id='word_1_446' title='bbox 696 2465 757 2500; x_wconf 81' lang='lat' dir='ltr'>xl,</span> <span class='ocrx_word' id='word_1_447' title='bbox 778 2468 845 2494; x_wconf 79' lang='lat'><strong>576.</strong></span> <span class='ocrx_word' id='word_1_448' title='bbox 885 2466 935 2495; x_wconf 78' lang='lat' dir='ltr'>Cf.</span> <span class='ocrx_word' id='word_1_449' title='bbox 958 2465 1179 2505; x_wconf 73' lang='lat' dir='ltr'>Naegelsbach</span> <span class='ocrx_word' id='word_1_450' title='bbox 1200 2466 1221 2495; x_wconf 90' lang='lat' dir='ltr'>l.</span> <span class='ocrx_word' id='word_1_451' title='bbox 1242 2465 1263 2495; x_wconf 92' lang='lat' dir='ltr'>l.</span> <span class='ocrx_word' id='word_1_452' title='bbox 1285 2476 1314 2504; x_wconf 85' lang='lat' dir='ltr'>p.</span> <span class='ocrx_word' id='word_1_453' title='bbox 1334 2468 1382 2495; x_wconf 75' lang='lat'>75.</span> 
     </span>
    </p>

    <p class='ocr_par' dir='ltr' id='par_1_10' title="bbox 232 2519 775 2561">
     <span class='ocr_line' id='line_1_37' title="bbox 232 2519 775 2561; baseline -0.006 -9"><span class='ocrx_word' id='word_1_454' title='bbox 232 2524 289 2561; x_wconf 71' lang='lat'>27)</span> <span class='ocrx_word' id='word_1_455' title='bbox 330 2521 367 2551; x_wconf 86' lang='lat' dir='ltr'>ll.</span> <span class='ocrx_word' id='word_1_456' title='bbox 387 2520 454 2556; x_wconf 80' lang='lat' dir='ltr'>XV,</span> <span class='ocrx_word' id='word_1_457' title='bbox 475 2522 524 2549; x_wconf 77' lang='lat'>36.</span> <span class='ocrx_word' id='word_1_458' title='bbox 566 2519 625 2550; x_wconf 85' lang='lat' dir='ltr'>Od.</span> <span class='ocrx_word' id='word_1_459' title='bbox 648 2519 685 2556; x_wconf 83' lang='lat' dir='ltr'>V,</span> <span class='ocrx_word' id='word_1_460' title='bbox 708 2520 775 2549; x_wconf 69' lang='lat'>184.</span> 
     </span>
    </p>

    <p class='ocr_par' dir='ltr' id='par_1_11' title="bbox 235 2572 2237 2832">
     <span class='ocr_line' id='line_1_38' title="bbox 235 2572 2234 2615; baseline 0.001 -11"><span class='ocrx_word' id='word_1_461' title='bbox 235 2575 292 2615; x_wconf 78' lang='lat'>28)</span> <span class='ocrx_word' id='word_1_462' title='bbox 333 2575 380 2605; x_wconf 86' lang='lat' dir='ltr'>De</span> <span class='ocrx_word' id='word_1_463' title='bbox 402 2573 488 2604; x_wconf 87' lang='lat' dir='ltr'>omni</span> <span class='ocrx_word' id='word_1_464' title='bbox 508 2574 570 2603; x_wconf 86' lang='lat' dir='ltr'>hoc</span> <span class='ocrx_word' id='word_1_465' title='bbox 591 2583 708 2613; x_wconf 75' lang='lat' dir='ltr'>genere</span> <span class='ocrx_word' id='word_1_466' title='bbox 735 2572 914 2604; x_wconf 87' lang='lat' dir='ltr'>Stoicorum</span> <span class='ocrx_word' id='word_1_467' title='bbox 937 2572 1091 2603; x_wconf 80' lang='lat' dir='ltr'>iudicium</span> <span class='ocrx_word' id='word_1_468' title='bbox 1113 2572 1210 2603; x_wconf 79' lang='lat' dir='ltr'>refert</span> <span class='ocrx_word' id='word_1_469' title='bbox 1229 2573 1393 2604; x_wconf 80' lang='lat' dir='ltr'>Plutarch.</span> <span class='ocrx_word' id='word_1_470' title='bbox 1413 2573 1452 2603; x_wconf 87' lang='lat' dir='ltr'>de</span> <span class='ocrx_word' id='word_1_471' title='bbox 1473 2573 1554 2612; x_wconf 85' lang='lat' dir='ltr'>plac.</span> <span class='ocrx_word' id='word_1_472' title='bbox 1576 2573 1657 2612; x_wconf 86' lang='lat' dir='ltr'>phil.</span> <span class='ocrx_word' id='word_1_473' title='bbox 1678 2573 1711 2610; x_wconf 85' lang='lat'>1,</span> <span class='ocrx_word' id='word_1_474' title='bbox 1737 2576 1757 2602; x_wconf 80' lang='grc'>6</span> <span class='ocrx_word' id='word_1_475' title='bbox 1778 2583 1807 2612; x_wconf 83' lang='lat' dir='ltr'>p.</span> <span class='ocrx_word' id='word_1_476' title='bbox 1828 2575 1889 2602; x_wconf 81' lang='lat'>242</span> <span class='ocrx_word' id='word_1_477' title='bbox 1911 2573 2054 2604; x_wconf 84' lang='lat' dir='ltr'>Tauchn.</span> <span class='ocrx_word' id='word_1_478' title='bbox 2095 2573 2234 2607; x_wconf 70' lang='lat' dir='ltr'>‘Hoa&#39;odoc</span> 
     </span>
     <span class='ocr_line' id='line_1_39' title="bbox 328 2625 2236 2669; baseline 0 -8"><span class='ocrx_word' id='word_1_479' title='bbox 328 2627 516 2669; x_wconf 73' lang='grc' dir='ltr'><strong><em>βουλόμενος</em></strong></span> <span class='ocrx_word' id='word_1_480' title='bbox 538 2632 598 2660; x_wconf 75' lang='grc' dir='ltr'><strong><em>τοῖς</em></strong></span> <span class='ocrx_word' id='word_1_481' title='bbox 618 2631 769 2668; x_wconf 69' lang='grc' dir='ltr'><strong><em>γεννητοῖς</em></strong></span> <span class='ocrx_word' id='word_1_482' title='bbox 796 2628 884 2658; x_wconf 77' lang='grc' dir='ltr'><strong><em>θεοῖς</em></strong></span> <span class='ocrx_word' id='word_1_483' title='bbox 901 2630 1042 2668; x_wconf 72' lang='grc' dir='ltr'><strong><em>πατέρας</em></strong></span> <span class='ocrx_word' id='word_1_484' title='bbox 1067 2627 1230 2667; x_wconf 74' lang='grc' dir='ltr'><strong><em>συστῆσαι,</em></strong></span> <span class='ocrx_word' id='word_1_485' title='bbox 1252 2626 1390 2668; x_wconf 74' lang='grc' dir='ltr'><strong><em>εἰσήγαγε</em></strong></span> <span class='ocrx_word' id='word_1_486' title='bbox 1411 2625 1563 2659; x_wconf 76' lang='grc' dir='ltr'><strong><em>τοιούτους</em></strong></span> <span class='ocrx_word' id='word_1_487' title='bbox 1590 2626 1702 2659; x_wconf 75' lang='grc' dir='ltr'><strong><em>αὑτὸς</em></strong></span> <span class='ocrx_word' id='word_1_488' title='bbox 1727 2626 1923 2668; x_wconf 76' lang='grc' dir='ltr'><strong><em>γεννήτορας,</em></strong></span> <span class='ocrx_word' id='word_1_489' title='bbox 1950 2626 2045 2660; x_wconf 79' lang='grc' dir='ltr'><strong><em>Κοῖόν</em></strong></span> <span class='ocrx_word' id='word_1_490' title='bbox 2069 2641 2101 2660; x_wconf 80' lang='grc' dir='ltr'>τε</span> <span class='ocrx_word' id='word_1_491' title='bbox 2121 2630 2236 2669; x_wconf 72' lang='grc' dir='ltr'><strong><em>Κρεῒόν</em></strong></span> 
     </span>
     <span class='ocr_line' id='line_1_40' title="bbox 328 2680 2234 2722; baseline -0.001 -9"><span class='ocrx_word' id='word_1_492' title='bbox 328 2682 531 2722; x_wconf 69' lang='grc' dir='ltr'><strong><em>θ’Ὑπεριόνιὶ</em></strong></span> <span class='ocrx_word' id='word_1_493' title='bbox 561 2681 740 2714; x_wconf 60' lang='lat' dir='ltr'>mannan</span> <span class='ocrx_word' id='word_1_494' title='bbox 767 2692 817 2712; x_wconf 72' lang='lat' dir='ltr'>re:</span> <span class='ocrx_word' id='word_1_495' title='bbox 845 2692 980 2721; x_wconf 87' lang='lat' dir='ltr'>quorum</span> <span class='ocrx_word' id='word_1_496' title='bbox 1014 2687 1210 2721; x_wconf 83' lang='lat' dir='ltr'>postremum</span> <span class='ocrx_word' id='word_1_497' title='bbox 1247 2689 1332 2713; x_wconf 87' lang='lat' dir='ltr'>certe</span> <span class='ocrx_word' id='word_1_498' title='bbox 1360 2681 1497 2712; x_wconf 83' lang='lat' dir='ltr'>eximere</span> <span class='ocrx_word' id='word_1_499' title='bbox 1530 2682 1703 2719; x_wconf 83' lang='lat' dir='ltr'>debebant,</span> <span class='ocrx_word' id='word_1_500' title='bbox 1734 2691 1795 2711; x_wconf 87' lang='lat' dir='ltr'>non</span> <span class='ocrx_word' id='word_1_501' title='bbox 1829 2680 1934 2710; x_wconf 88' lang='lat' dir='ltr'>minus</span> <span class='ocrx_word' id='word_1_502' title='bbox 1962 2692 2056 2722; x_wconf 87' lang='lat' dir='ltr'>quam</span> <span class='ocrx_word' id='word_1_503' title='bbox 2087 2684 2234 2713; x_wconf 88' lang='lat' dir='ltr'>Cronum.</span> 
     </span>
     <span class='ocr_line' id='line_1_41' title="bbox 330 2736 2237 2779; baseline -0.001 -11"><span class='ocrx_word' id='word_1_504' title='bbox 330 2739 402 2779; x_wconf 77' lang='lat' dir='ltr'>Ego</span> <span class='ocrx_word' id='word_1_505' title='bbox 423 2738 499 2778; x_wconf 85' lang='lat' dir='ltr'>quid</span> <span class='ocrx_word' id='word_1_506' title='bbox 519 2738 559 2769; x_wconf 86' lang='lat' dir='ltr'>de</span> <span class='ocrx_word' id='word_1_507' title='bbox 580 2737 643 2770; x_wconf 87' lang='lat' dir='ltr'>hac</span> <span class='ocrx_word' id='word_1_508' title='bbox 663 2740 753 2779; x_wconf 80' lang='lat' dir='ltr'>parte</span> <span class='ocrx_word' id='word_1_509' title='bbox 774 2736 968 2777; x_wconf 82' lang='lat' dir='ltr'>theogoniae</span> <span class='ocrx_word' id='word_1_510' title='bbox 989 2737 1191 2769; x_wconf 85' lang='lat' dir='ltr'>statuendum</span> <span class='ocrx_word' id='word_1_511' title='bbox 1213 2747 1375 2774; x_wconf 85' lang='lat' dir='ltr'>censeam,</span> <span class='ocrx_word' id='word_1_512' title='bbox 1397 2737 1528 2777; x_wconf 78' lang='lat' dir='ltr'>exposui</span> <span class='ocrx_word' id='word_1_513' title='bbox 1548 2736 1581 2767; x_wconf 85' lang='lat' dir='ltr'>in</span> <span class='ocrx_word' id='word_1_514' title='bbox 1601 2737 1684 2768; x_wconf 86' lang='lat' dir='ltr'>Diss.</span> <span class='ocrx_word' id='word_1_515' title='bbox 1703 2737 1743 2766; x_wconf 81' lang='lat' dir='ltr'>de</span> <span class='ocrx_word' id='word_1_516' title='bbox 1763 2736 1868 2767; x_wconf 77' lang='lat' dir='ltr'>Titan.</span> <span class='ocrx_word' id='word_1_517' title='bbox 1888 2737 1981 2774; x_wconf 59' lang='lat' dir='ltr'>nem,</span> <span class='ocrx_word' id='word_1_518' title='bbox 2002 2738 2058 2768; x_wconf 85' lang='lat' dir='ltr'>ubi</span> <span class='ocrx_word' id='word_1_519' title='bbox 2079 2738 2121 2768; x_wconf 79' lang='lat' dir='ltr'>cf.</span> <span class='ocrx_word' id='word_1_520' title='bbox 2143 2738 2237 2777; x_wconf 83' lang='lat' dir='ltr'>impr.</span> 
     </span>
     <span class='ocr_line' id='line_1_42' title="bbox 330 2795 489 2832; baseline -0.006 -10"><span class='ocrx_word' id='word_1_521' title='bbox 330 2803 360 2832; x_wconf 83' lang='lat' dir='ltr'>p.</span> <span class='ocrx_word' id='word_1_522' title='bbox 381 2795 421 2822; x_wconf 80' lang='lat'>25</span> <span class='ocrx_word' id='word_1_523' title='bbox 442 2803 489 2832; x_wconf 85' lang='lat' dir='ltr'>sq.</span> 
     </span>
    </p>
   </div>
  </div>
 </body>
</html>
