2466 3210
1074 98 1364 141 -25-

203 223 321 259 tamen
343 227 485 265 prorsus
505 214 707 250 incredibile
730 214 840 249 videri
864 214 977 248 debet.
1022 213 1113 248 Nun
1140 214 1233 259 quod
1258 215 1292 248 in
1315 213 1524 248 carminibus
1544 212 1741 248 Homericis
1763 225 1903 262 semper
1926 219 2056 251 tautum
2079 220 2117 252 ut
2138 218 2220 254 Orci

204 294 325 338 regina
347 291 532 328 inducitur,
555 288 666 322 altero
687 300 829 322 munere
852 299 1021 332 nusquam
1043 287 1253 332 significatoz
1276 298 1319 320 ue
1339 298 1447 321 causa
1468 285 1606 331 quidem
1628 287 1731 321 buius
1753 289 1969 332 significandi
1989 291 2059 324 ulla
2079 291 2219 326 demon-

205 365 306 402 strari
328 365 473 412 poterit,
504 360 653 406 ideoque
677 360 936 407 haudquaquam
959 364 1089 396 certum
1119 371 1163 395 ex
1185 358 1381 395 huiusmodi
1405 359 1542 396 silentio
1564 364 1805 407 argumentum
1827 361 1900 407 peti
1924 361 2105 400 fatebimur
2114 365 2173 409 ⁷⁹).

341 436 538 482 Sequuntur
559 433 652 482 apud
677 433 868 470 Hesiodum
890 433 1036 476 Musae,
1068 432 1159 469 lovis
1183 443 1228 468 ex
1253 431 1486 479 Mnemosyne
1516 433 1624 476 tiliae,
1652 444 1794 480 quarum
1826 433 1863 469 in
1890 432 2030 470 Homeri
2060 439 2215 475 carmini.

201 514 269 547 bus
288 510 412 544 similis
435 511 491 541 est
512 510 617 551 atque
641 506 873 552 Proserpinae
895 506 1060 540 condicio.
1106 506 1197 539 Nam
1221 517 1325 550 quum
1348 509 1481 551 patrem
1502 518 1616 540 earum
1639 506 1757 539 Iovem
1774 505 1977 551 perhibeat,
2002 507 2040 540 Il.
2067 509 2109 550 II,
2133 513 2211 547 491,

205 586 275 619 od.
304 586 340 624 1,
365 582 418 616 10.
445 580 537 618 Vlll,
560 580 636 618 488,
658 583 777 613 matris
799 592 967 623 nusquam
989 581 1194 632 mentionem
1216 579 1314 617 tacit,
1336 580 1382 612 de
1406 591 1474 622 qua
1495 582 1599 613 etiam
1614 580 1826 623 posteriores
1848 590 2068 624 nequaquam
2092 595 2213 622 omnes

211 671 288 694 cum
323 652 480 692 Hesiodo
517 656 778 688 consenserunt.
829 652 918 688 Nam
953 653 1138 699 Euripides
1175 651 1311 697 quidem
1342 651 1560 687 Harmoniam
1595 652 1677 686 dicit
1686 652 1748 693 ⁸⁰),
1787 652 1845 686 alii
1879 652 2084 696 Clymenen,
2103 670 2215 701 ,nyn-

205 728 306 778 pbam
334 722 546 763 Oceanidem
558 723 620 767 ⁸¹),
642 722 698 759 alii
720 723 905 771 Antiopam
914 723 976 770 ⁸⁴²):
998 727 1037 761 ut
1058 736 1121 760 eos
1142 726 1295 766 taceam,
1327 723 1386 770 qui
1408 722 1510 759 etiam
1531 726 1663 771 patrem
1686 721 1789 758 alium
1812 723 2035 767 nominarunt,
2061 725 2214 766 Ursnum

204 802 369 840 Alcman,
398 798 642 838 Mimnermus,
673 797 840 831 Mnaseas
852 798 915 841 ⁸³),
943 797 1139 843 Apollinem
1162 795 1402 839 Eumelus⁸⁴)z
1432 807 1509 830 nam
1536 807 1655 831 omnes
1686 808 1949 833 commemorare
1976 799 2114 845 longum
2144 808 2212 840 est.

202 874 327 918 Neque
348 882 543 909 numerum,
567 871 625 914 qui
641 869 731 915 apud
746 869 935 903 Hesiodum
949 875 1024 910 est,
1049 870 1267 903 novenarium
1285 870 1457 903 Homerus
1473 871 1649 915 agnoscit,
1671 871 1740 904 nisi
1764 871 1799 904 in
1822 874 1996 915 postremo
2021 872 2210 919 Odysseae

203 947 307 986 libro,
334 945 367 979 in
396 955 463 989 quo
491 954 594 987 quam
622 943 729 977 multa
755 943 799 977 ab
825 944 1072 988 antiquioribus
1099 943 1307 977 carminibus
1330 941 1525 976 Homericis
1555 943 1775 982 abhorreant,
1805 942 1931 977 dudum
1969 944 2012 978 ab
2043 946 2121 982 aliis
2152 949 2210 984 de-

204 1021 428 1054 monstratum
451 1020 507 1051 est
515 1017 575 1059 ⁸⁶).

344 1089 399 1124 De
421 1089 515 1123 Iovis
536 1099 581 1122 ex
601 1087 737 1123 Latona
760 1089 895 1129 liberis,
922 1088 1032 1122 Diana
1057 1091 1093 1121 et
1114 1087 1296 1133 Apolline,
1323 1086 1417 1121 nulla
1438 1091 1494 1121 est
1518 1090 1701 1135 utriusque
1723 1093 1848 1135 poetae
1870 1088 2069 1126 dissensio:
2098 1093 2142 1127 de
2164 1094 2207 1129 iis

202 1166 336 1203 autem,
358 1173 445 1208 quos
466 1161 595 1196 lunone
618 1160 793 1195 Hesiodus
814 1164 915 1195 natos
938 1160 1035 1200 dicit,
1069 1159 1217 1195 Martem
1240 1172 1262 1194 a
1283 1171 1367 1194 sese
1392 1167 1592 1205 generatum
1614 1173 1697 1198 esse
1732 1163 1860 1209 Iupiter
1889 1164 1967 1209 ipse
1998 1167 2147 1199 testatur
2171 1165 2207 1200 ll.

204 1237 248 1277 V,
269 1236 350 1276 896,
374 1235 543 1280 Ilithyiam
569 1234 741 1268 Homerus
763 1233 865 1268 modo
888 1243 1008 1272 unam,
1031 1231 1133 1266 modo
1156 1233 1276 1279 plures
1298 1237 1481 1273 memorat,
1504 1244 1635 1279 easque
1658 1235 1799 1270 Iunonis
1823 1236 1910 1271 filias
1933 1236 2017 1271 dicit
2029 1237 2096 1279 ⁸⁶),
2119 1248 2208 1282 quas

202 1309 284 1354 quin
306 1319 350 1342 ex
372 1307 453 1342 Iove
476 1311 664 1354 conceptas
686 1307 860 1346 statuerit,
889 1317 959 1340 non
990 1308 1045 1339 est
1074 1303 1166 1348 quod
1194 1305 1386 1345 dubitetur,
1423 1305 1549 1340 Heben
1583 1306 1730 1353 denique
1764 1320 1794 1342 s.
1826 1307 2001 1342 Iuventam
2029 1310 2207 1354 utriusque

201 1382 304 1416 liliam
326 1381 477 1428 appellat
499 1380 564 1414 od.
589 1379 659 1420 XI,
681 1378 767 1420 6033
791 1379 856 1414 sed
878 1380 967 1414 hunc
990 1379 1099 1412 locum
1123 1378 1364 1424 interpolatum
1390 1390 1473 1413 esse
1497 1382 1601 1415 certis
1625 1382 1834 1425 argumentis
1857 1382 2098 1425 cognoscitur:
2123 1383 2206 1417 alibi

201 1454 260 1488 illa
281 1454 358 1489 sine
383 1455 560 1500 parentum
583 1454 755 1486 mentione
779 1453 988 1492 nominatur,
1017 1452 1055 1486 ll.
1078 1451 1139 1492 lv,
1162 1451 1193 1485 2.
1215 1449 1247 1484 3.
1271 1450 1316 1490 V,
1337 1450 1412 1486 905.
1457 1451 1647 1486 Vulcanum
1676 1464 1810 1497 quoque
1840 1452 2013 1487 Homerus
2042 1453 2135 1489 Iovis
2161 1467 2205 1490 ex

204 1525 330 1560 Iunone
352 1525 456 1559 lilium
479 1536 563 1559 esse
593 1524 769 1569 perbibet,
796 1524 836 1558 ll.
861 1524 895 1564 1,
917 1524 992 1558 577.
1014 1525 1045 1558 8.
1072 1524 1116 1557 cf.
1140 1523 1208 1557 Od,
1231 1522 1318 1562 vu,
1350 1523 1432 1563 312,
1462 1535 1563 1568 quem
1585 1524 1760 1559 Hesiodus
1789 1536 1820 1557 v,
1843 1524 1907 1558 927
1929 1536 2007 1569 sqq.
2031 1537 2052 1559 a
2075 1526 2204 1562 Iunone

200 1598 280 1632 sola
299 1598 430 1642 absque
453 1596 546 1630 Iovis
569 1596 728 1641 amplexu
750 1600 965 1641 procreatum
989 1597 1079 1631 facit.

340 1669 394 1704 De
417 1669 530 1710 Maia,
554 1669 645 1705 Iovis
667 1669 810 1714 pellice,
832 1670 986 1704 Atlantis
1011 1669 1096 1709 lilia,
1119 1669 1186 1703 iam
1208 1679 1315 1714 supra
1336 1667 1461 1703 dictum
1486 1672 1552 1704 est.
1596 1669 1694 1704 Hanc
1722 1674 1756 1705 ut
1782 1670 1940 1705 Mercurii
1971 1676 2112 1706 matrem
2134 1672 2204 1707 Ho-

202 1754 316 1777 merus
337 1743 445 1778 semel
470 1746 652 1782 memorat,
675 1741 742 1776 Od.
767 1741 865 1783 XIV,
886 1741 968 1782 435,
1007 1741 1071 1776 sed
1108 1740 1221 1787 paullo
1246 1740 1314 1776 alia
1337 1741 1481 1774 nominis
1505 1740 1632 1782 l'orma,
1663 1761 1707 1767 ——
1739 1741 1883 1776 Μαιάδα
1912 1743 2003 1777 enim
2031 1743 2129 1785 dicit,
2161 1763 2204 1771 —

203 1827 316 1860 neque
338 1820 500 1862 parentes
526 1817 602 1850 eius
624 1815 764 1850 indicat.
812 1815 940 1849 Maiam
964 1816 998 1849 in
1020 1814 1168 1849 Hesiodi
1192 1813 1381 1858 theogonia
1404 1813 1577 1859 excipiunt
1602 1813 1689 1848 duae
1718 1815 1880 1850 mulieres
1911 1827 1932 1849 a
1953 1815 2033 1850 love
2056 1822 2203 1858 amatae,

203 1888 373 1923 Semele
395 1893 430 1924 et
451 1889 667 1928 Alcmena,
689 1900 828 1933 quarum
855 1888 994 1922 alteram
1017 1891 1099 1934 post
1120 1890 1264 1921 mortem
1287 1887 1374 1921 inter
1397 1886 1484 1920 deos
1508 1887 1649 1930 relatam
1671 1899 1754 1922 esse
1777 1891 1878 1933 poeta
1903 1892 2050 1924 testatur
2074 1902 2104 1923 v.
2127 1890 2203 1931 942,

201 1961 300 1995 alteri
321 1961 466 1997 eundem
489 1962 651 1996 honorem
672 1962 825 1996 habitum
848 1973 933 1995 esse
955 1972 1069 2004 neque
1093 1961 1171 2006 ipse
1197 1959 1339 1999 indicat,
1362 1971 1476 2003 neque
1498 1965 1638 2006 recepta
1658 1961 1758 2005 vulgo
1781 1960 1989 2004 mythologia
2007 1964 2203 1997 statuebat:

207 2044 285 2067 uam
309 2033 341 2066 in
363 2033 538 2068 beatorum
560 2034 682 2069 insulis
705 2033 871 2068 collocata
894 2031 1114 2073 credebatur,
1138 2032 1331 2078 cultumque
1355 2033 1447 2080 apud
1472 2032 1658 2067 Thebanos
1680 2044 1746 2066 non
1772 2032 1917 2066 divinum
1940 2033 2006 2068 sed
2029 2033 2204 2070 heroicum

203 2105 353 2140 babebat
362 2106 418 2149 87).
462 2106 562 2141 Hanc
584 2107 629 2141 ob
653 2118 792 2142 causam
815 2110 954 2140 veteres
979 2104 1115 2149 quidam
1142 2105 1249 2139 critici
1282 2105 1371 2140 duos
1407 2106 1484 2140 illos
1522 2117 1663 2144 versus,
1700 2105 1754 2149 qui
1784 2105 1969 2139 Alcmenae
1995 2108 2204 2143 mentionem

225 2217 280 2255 ’19)
321 2217 412 2246 Conf.
432 2218 530 2247 etium
551 2229 632 2257 quae
654 2219 688 2247 C.
710 2218 749 2248 0.
768 2219 921 2247 Mrillerns
941 2217 1078 2246 monuit.
1099 2217 1242 2257 Gotting.
1265 2217 1339 2246 Anz.
1362 2220 1437 2246 18⁴0
1459 2228 1487 2256 p.
1507 2219 1576 2246 509.

224 2272 280 2308 80)
322 2271 405 2300 Med.
425 2281 455 2301 v.
478 2274 539 2301 834
567 2275 645 2309 (812
666 2272 798 2311 Elmsl.)
820 2273 873 2302 ubi
903 2272 945 2301 cf.
973 2272 1180 2308 Elmaleium,
1208 2272 1333 2310 ineptae
1358 2272 1475 2302 veteris
1501 2270 1700 2311 grammatici
1725 2270 1972 2309 interpretationi
1998 2276 2086 2302 recte
2113 2276 2203 2304 oblo-

319 2328 482 2362 quentem,
504 2334 599 2363 quam
621 2326 787 2357 Welclrero
809 2326 966 2366 placuisse
988 2325 1098 2365 (Kret.
1119 2325 1227 2355 Colon.
1247 2336 1276 2365 p.
1296 2327 1357 2366 35)
1377 2325 1546 2356 admodum
1564 2323 1669 2353 miror.

221 2379 277 2416 81)
317 2378 435 2417 Hygin.
456 2389 484 2417 p.
509 2383 547 2408 10
565 2380 691 2410 Munck.

223 2433 278 2471 82)
319 2431 383 2462 Cic.
406 2433 437 2463 d.
457 2443 486 2463 u.
504 2433 533 2464 d.
554 2434 617 2471 111,
637 2437 688 2465 21.

223 2488 279 2524 83)
319 2485 443 2516 Diodor.
465 2488 516 2524 lv,
537 2492 565 2518 7.
586 2489 694 2519 Schol.
716 2490 805 2518 Pind.
825 2489 913 2518 xom.
932 2489 998 2525 111,
1022 2491 1067 2519 16.
1087 2490 1201 2520 Arnob.
1222 2490 1286 2526 111,
1307 2493 1356 2519 37.
1398 2489 1447 2519 Cf.
1466 2488 1584 2518 Welck.
1603 2488 1641 2517 nd
1662 2487 1761 2516 Mem.
1783 2486 1822 2516 fr.
1843 2497 1875 2526 p.
1891 2490 1943 2519 22.

224 2542 279 2579 84)
320 2541 351 2570 Is
372 2546 474 2571 tamen
496 2548 620 2581 praeter
640 2544 699 2573 has
720 2543 874 2582 Apollinis
895 2543 999 2579 filies,
1027 2554 1106 2583 quus
1127 2550 1190 2574 tres
1211 2555 1280 2574 esse
1301 2543 1397 2581 dixit,
1419 2542 1515 2572 etium
1545 2541 1618 2571 illus
1643 2550 1756 2570 novem
1781 2551 1820 2570 ex
1845 2542 1921 2572 Iove
1947 2549 2037 2575 nutus
2062 2546 2204 2585 agnovit.

318 2594 385 2622 ud.
404 2593 473 2623 eius
492 2596 531 2625 fr.
554 2599 638 2636 apud
659 2597 864 2627 Mnrkscheff.
885 2607 915 2635 p.
932 2598 1002 2628 40⁵.

226 2649 282 2687 85)
322 2647 413 2677 Conf-
432 2644 609 2687 spon-,ae
631 2657 707 2682 extr.
726 2650 784 2680 Od.
803 2655 882 2689 part.
905 2661 933 2690 p.
952 2653 1001 2682 43.
1041 2651 1175 2681 Nomina
1197 2652 1297 2682 Musis
1317 2650 1442 2691 propris
1458 2648 1630 2680 Hesiodum
1651 2648 1789 2687 primum
1811 2649 2001 2690 imposuisse
2019 2651 2113 2682 Varro
2130 2663 2205 2692 pro-

317 2701 382 2737 dit,
403 2701 445 2732 fr.
468 2714 498 2741 p.
517 2706 576 2733 33⁹
596 2706 667 2744 Bip.

224 2757 281 2795 ss)
310 2756 344 2786 ιι.
364 2756 422 2786 xl.
442 2759 511 2787 270.
530 2759 600 2788 271.
619 2759 707 2796 xw,
730 2761 794 2789 18⁴1.
818 2758 909 2796 mx,
933 2760 1001 2787 103.
1024 2760 1089 2788 119.
1129 2757 1188 2789 od.
1208 2760 1298 2797 xm,
1322 2761 1384 2789 188.

225 2812 280 2848 87)
322 2810 497 2851 Pherecyd«
512 2813 595 2850 apud
615 2813 727 2845 Auton.
746 2813 851 2845 Liber.
874 2824 900 2845 c.
921 2815 977 2850 33,
999 2823 1030 2853 p·
1051 2815 1090 2845 44
1109 2812 1210 2847 Koch.
