2466 3210
1056 159 1319 202 -7-

176 288 264 324 puro
288 279 489 325 oppositam
499 278 541 320 θ).
595 276 722 322 Neque
749 277 838 312 inter
864 276 1094 323 philosophos
1125 275 1325 317 defuerunt,
1360 276 1486 321 quihus
1519 271 1630 323 p'rim
1657 278 1803 312 materia
1833 281 1892 312 aut
1921 290 1983 313 aer
2011 282 2074 313 aut
2097 278 2213 313 simile

179 350 341 398 quiddam
364 351 439 386 aeri
461 349 574 385 fuisse
595 349 784 392 videretur,
814 351 870 386 cui
892 351 990 398 proin
1014 350 1080 385 hoc
1101 351 1218 398 ipsum
1239 350 1331 385 aeris
1354 360 1477 385 nomen
1501 348 1714 391 indiderunt,
1745 353 1784 384 nt
1807 350 2047 387 Anaximenes
2071 355 2107 387 et
2129 350 2213 386 Dio-

179 435 291 472 genes
313 423 556 472 Apolloniates
564 422 615 468 ⁷),
648 433 752 469 quum
777 426 899 460 contra
921 422 1070 466 Thales,
1100 423 1145 460 ad
1165 422 1307 460 Homeri
1332 422 1544 470 exemplum,
1575 433 1686 459 rerum
1714 422 1921 470 principium
1947 434 2072 470 aquam
2101 423 2214 463 fiiisoe

180 500 367 537 statueret,
386 498 726 542 quam‘sententiam
749 496 854 529 etiam
879 495 1057 543 Orphicos
1086 496 1256 542 quosdam
1282 496 1462 543 amplexos
1488 507 1573 530 esse
1599 497 1799 543 accepimus
1810 497 1854 539 ³).
1882 512 1929 522 —-
1970 496 2044 530 Sed
2066 497 2211 533 Oceano

178 571 352 604 Homerus
375 570 550 613 Tethyn
580 571 754 615 copulavit
776 570 813 603 ΙΙ.
838 570 936 608 XIV,
959 568 1040 608 202,
1065 570 1109 603 de
1132 582 1201 613 qua
1224 571 1404 614 ambigitur
1425 582 1447 603 a
1472 571 1554 602 viris
1578 569 1806 608 doctissimis,
1829 575 2004 605 terramne
2026 573 2207 615 significet,

177 653 223 677 an
243 641 289 678 ad
310 654 424 688 aquae
452 645 606 677 naturam
632 646 668 677 et
690 643 768 688 ipsa
786 643 970 688 pertineat,
993 646 1031 678 ut
1054 644 1109 677 vis
1131 642 1235 678 huius
1257 643 1412 680 mascula
1433 646 1467 677 et
1490 641 1535 677 ad
1562 641 1794 687 procreandas
1817 656 1876 678 res
1904 643 2030 678 efficax
2054 643 2209 685 Oceano,

180 713 330 752 feminea
358 716 409 751 et
423 711 468 750 ad
496 713 696 761 pariendum
725 712 1012 761 nutriendumque
1042 717 1124 763 apta
1148 711 1280 762 Tethyi
1308 713 1471 751 attributa
1498 713 1555 751 sit.
1605 712 1757 750 Alteram
1790 714 1998 751 sententiam
2028 714 2208 752 veteribus

179 787 320 822 Homeri
345 787 588 831 interpretibus
611 787 790 834 placuisse
820 787 925 821 docet
955 787 1067 821 schol.
1091 787 1137 822 ad
1157 787 1196 821 ll.
1219 787 1243 821 Ι.
1268 787 1309 820 l.:
1344 785 1470 831 Τηθὺν
1499 785 1536 820 δὲ
1564 785 1630 831 τὴν
1657 787 1725 832 γῆν
1755 785 1884 830 φησὶν,
1915 785 2025 821 οἱονεὶ
2054 788 2210 833 τιθήνην

180 860 260 894 τινὰ
279 854 396 894 οὖσαν
419 860 478 894 καὶ
498 861 634 904 τροφὸν
659 862 805 894 πάντων
814 863 861 902 ⁹):
884 865 1005 894 contra
1034 862 1159 894 fluidae
1182 866 1218 894 et
1245 873 1400 904 aquosae
1429 867 1572 895 naturae
1595 860 1738 903 Tethyn
1761 859 1863 893 Plato
1892 867 2071 901 accenset,
2102 874 2207 905 quum

180 934 212 968 in
237 932 396 978 Cmtylo,
418 947 451 980 p.
475 933 544 970 402
565 933 625 974 B.,
648 935 707 969 ubi
733 934 876 969 Homeri
900 935 1107 970 sententiam
1131 933 1338 969 concordare
1360 938 1512 970 autumat
1529 948 1606 969 cum
1626 932 1826 969 Heraclitea
1849 932 1894 967 de
1919 934 2066 968 omnium
2089 948 2203 969 rerum

180 1004 292 1048 fluxu,
314 1009 384 1042 tum
408 1007 444 1042 in
467 1005 662 1043 Theaeteto
685 1019 718 1054 p.
747 1006 807 1043 152
832 1006 891 1049 R,
915 1006 974 1043 ubi
999 1006 1148 1043 eandem
1170 1010 1296 1055 poetae
1320 1008 1526 1043 sententiam
1541 1005 1919 1054 αάεετίὴίῐεὍμηρος,
1943 1006 2054 1044 εἰπών
2075 1004 2204 1043 ’.Ωκε-

181 1081 259 1116 νόν
282 1092 322 1114 τε
343 1082 462 1114 θεῶν
483 1079 661 1127 γένεσιν
685 1079 759 1114 καὶ
783 1079 949 1125 μητέρα
979 1080 1149 1125 Τηθύν,
1174 1080 1289 1114 πάντα
1310 1081 1447 1126 εἴρηκεν
1471 1080 1595 1127 ἔκγονα
1619 1082 1707 1126 ῥοῆς
1730 1092 1765 1115 τε
1781 1079 1839 1114 καὶ
1861 1080 2044 1125 κινήσεως.
2081 1081 2206 1127 Neque

181 1155 280 1189 aliter
306 1154 447 1199 Tethyn
469 1155 685 1199 interpretati
705 1158 789 1188 sunt
820 1155 861 1193 ii,
898 1165 1040 1198 quorum
1068 1155 1309 1187 auctoritatem
1332 1157 1501 1198 sequutus
1525 1154 1647 1188 Cicero
1678 1156 1710 1188 in
1736 1156 1880 1189 Timaeo
1904 1155 2083 1189 Platonico
2115 1166 2136 1187 a
2165 1165 2206 1187 se

182 1239 370 1266 converso,
396 1239 472 1272 cap.
496 1226 554 1266 ll,
578 1227 799 1260 Salaciam
825 1226 927 1266 dixit,
954 1227 1045 1271 quod
1069 1239 1211 1266 nomen,
1244 1228 1379 1260 etiamsi
1406 1228 1483 1270 quis
1506 1240 1629 1272 graeco
1653 1230 1767 1262 minus
1791 1230 1977 1263 convenire
1999 1240 2066 1261 non
2091 1228 2207 1260 imme-

180 1300 246 1336 rito
271 1299 410 1339 dixerit,
434 1298 502 1334 hoc
523 1302 639 1333 tamen
652 1302 747 1334 certe
764 1297 995 1339 demonstrat,
1020 1310 1086 1333 non
1110 1298 1282 1334 Tellurem
1305 1300 1338 1335 ei
1362 1298 1501 1345 Tethyn
1518 1300 1628 1335 visam
1651 1312 1754 1340 esse,
1777 1300 1842 1335 sed
1857 1313 2023 1346 aquosam
2041 1304 2206 1335 naturam.

181 1371 343 1418 Denique
370 1371 473 1406 etiam
495 1371 724 1413 Aristoteles,
755 1370 956 1418 Metaphys.
980 1370 1016 1412 1,
1047 1370 1084 1411 3,
1109 1371 1210 1406 buius
1233 1371 1525 1417 interpretationis
1553 1373 1658 1407 testis
1688 1376 1757 1408 est.
1813 1372 2087 1407 Commemorata
2115 1372 2207 1406 enim

183 1444 341 1479 Thaletis
364 1445 539 1478 sententia
559 1444 734 1489 deaqua,
757 1455 868 1478 rerum
894 1444 1043 1478 omnium
1066 1444 1182 1483 initio,
1208 1443 1295 1477 baec
1315 1444 1430 1478 additx
1448 1444 1531 1477 eloi
1560 1443 1597 1478 δέ
1625 1456 1733 1486 τινες,
1763 1446 1798 1479 οἳ
1829 1442 1888 1477 καὶ
1919 1443 2003 1485 τούς
2037 1443 2208 1487 παλαιοὺς

182 1516 242 1552 καὶ
265 1514 358 1552 πολὺ
381 1514 452 1562 πρὸ
482 1518 547 1561 τῆς
576 1518 656 1550 νῦν
675 1516 842 1563 γενέσεως
864 1514 922 1551 καὶ
951 1515 1117 1561 πρώτους
1134 1516 1412 1562 θεολογήσαντες
1435 1515 1549 1558 οὕτως
1572 1518 1706 1552 οἴονται
1730 1516 1810 1562 περὶ
1840 1520 1903 1562 τῆς
1926 1517 2073 1562 φύσεως
2095 1518 2206 1553 διαλο-

181 1590 267 1637 βεῖν.
311 1587 485 1626 Ὠκεανόν
507 1599 543 1624 τε
563 1587 626 1636 γὰρ
650 1586 709 1623 καὶ
739 1587 864 1635 Τηθὺν
887 1587 1059 1634 ἐποίησαν
1089 1589 1152 1633 τῆς
1174 1586 1342 1635 γενέσεως
1365 1587 1523 1636 πατέρας.
1574 1589 1662 1625 Nam
1685 1590 1717 1625 si
1740 1589 1879 1636 Tethyn
1903 1588 2079 1625 Tellurem
2102 1589 2205 1625 iuter·

181 1663 307 1707 pretati
328 1665 471 1701 essent,
500 1673 570 1695 non
590 1673 714 1700 unum,
737 1662 804 1695 sed
827 1662 897 1694 duo
926 1662 1097 1706 principia
1120 1662 1287 1695 haberent
1309 1665 1397 1695 inter
1428 1674 1469 1695 se
1493 1663 1650 1703 diversa,
1682 1663 1774 1707 quod
1796 1667 2009 1709 quantopere
2030 1664 2207 1697 discordet

182 1747 259 1770 cum
282 1735 441 1770 Thaletis
463 1736 637 1770 sententia
656 1745 760 1768 nemo
780 1745 851 1768 non
872 1733 1041 1779 intelligit.
1089 1734 1162 1768 Iam
1183 1735 1215 1768 si
1242 1736 1401 1779 qnaeris,
1428 1740 1503 1769 utra
1527 1737 1762 1782 interpretatio
1793 1738 1905 1771 verior
1934 1736 2109 1776 videatur,
2137 1748 2203 1770 non

227 1895 264 1934 6)
305 1895 358 1926 Cf.
378 1896 458 1926 locc.
479 1896 561 1936 apud
583 1896 721 1927 Lobeck.
743 1895 904 1936 Aglaoph.
926 1906 956 1934 p.
977 1897 1049 1925 473.
1069 1898 1099 1926 4.
1127 1914 1166 1919 —
1207 1897 1278 1926 Huc
1307 1897 1443 1936 pertinet
1470 1896 1566 1927 etiam
1590 1908 1700 1927 versus
1727 1908 1747 1929 a
1768 1897 1931 1928 Lactantio
1960 1896 2070 1926 institt.
2092 1895 2156 1925 div.
2176 1895 2201 1931 1,

301 1961 329 1981 c.
350 1953 371 1981 5
391 1951 528 1988 citatus,
551 1951 605 1990 qui
626 1952 800 1982 Phanetem
823 1953 1004 1990 περιμηκέος
1024 1948 1112 1990 ἠέρος
1132 1948 1197 1982 υἱὸν
1207 1950 1294 1980 dicit.
1337 1950 1457 1996 Nempe
1477 1951 1603 1980 Plinnes
1625 1962 1661 1980 ex
1679 1961 1739 1981 ovo
1756 1952 1882 1991 prodiit,
1905 1951 1935 1980 in
1957 1950 2047 1979 cuins
2064 1949 2202 1989 figuram

301 2007 438 2042 chaos,
461 2007 626 2039 aethere
648 2005 804 2045 agitatum
828 2006 1000 2035 coaluerat.
1042 2005 1120 2035 Lob.
1143 2016 1174 2044 p.
1192 2008 1250 2034 475
1270 2016 1336 2044 sqq.
1380 1995 1430 2035 Cf.
1453 2007 1551 2035 clem.
1574 2008 1666 2036 Rom.
1688 2017 1812 2047 recogn.
1836 2007 1880 2041 X,
1911 2016 1941 2044 p.
1965 2007 2023 2033 140
2043 2005 2091 2034 ed.
2111 2005 2201 2034 eom:

302 2060 621 2100 „Sapientiores
642 2060 748 2090 inter
768 2059 955 2099 gentiles
976 2059 1097 2090 initio
1118 2069 1246 2089 rerum
1268 2059 1387 2090 chaos
1407 2060 1542 2091 fuisse
1562 2061 1710 2091 dicunt.
1752 2061 1792 2090 ld
1813 2059 1888 2099 'per
1909 2060 2069 2099 longum
2099 2063 2203 2088 tem-

300 2126 376 2156 pus
397 2119 590 2145 externas
611 2119 755 2153 partes
777 2115 1023 2143 condensans
1046 2114 1201 2143 tandem
1223 2114 1304 2143 sibi
1326 2114 1481 2144 fecisse
1502 2116 1610 2145 fines
1631 2120 1862 2153 certumque
1879 2114 2061 2149 fundum,
2076 2117 2201 2151 atque

301 2171 368 2201 ovi
388 2169 578 2201 immanis
599 2168 785 2208 accepise
806 2168 995 2198 sormam.
1037 2168 1181 2197 Deinde
1202 2168 1275 2197 sub
1303 2168 1425 2197 illius
1453 2175 1560 2199 testa
1590 2170 1725 2198 vivum
1752 2168 1865 2206 aliqu
1879 2169 1924 2197 od
1954 2178 2048 2197 ease
2080 2178 2201 2208 gene-

300 2229 447 2263 ratum,
477 2225 580 2265 quod
611 2228 717 2254 testa
743 2222 877 2253 fracta
905 2222 1036 2253 forma
1065 2222 1504 2253 masculino-feminea
1534 2223 1571 2253 in
1600 2224 1725 2253 lucem
1755 2222 1972 2261 prodierit:
2000 2232 2142 2253 nomen
2164 2220 2203 2252 ei

301 2290 390 2310 cue
411 2279 463 2309 Pla
473 2286 572 2309 anes
592 2288 612 2308 a
631 2278 821 2316 splendor
831 2287 859 2306 e.
869 2279 891 2293 “
934 2277 1082 2306 Ceterum
1104 2281 1251 2316 apparet,
1274 2286 1333 2305 non
1345 2276 1467 2306 minore
1487 2277 1555 2306 iure
1572 2277 1748 2305 Phanetem
1769 2277 1865 2305 etiam
1888 2277 2075 2306 aetheri·
2096 2276 2203 2305 filium

300 2334 364 2365 dici
385 2333 545 2374 potuisse,
567 2332 830 2372 quemadmodum
851 2331 883 2362 in
904 2332 968 2362 alio
990 2331 1131 2362 eiu-dem
1153 2332 1302 2363 carminis
1323 2332 1392 2362 loco
1415 2332 1534 2365 factum
1555 2331 1696 2368 videtur,
1718 2342 1769 2370 ap.
1792 2331 1939 2361 Proclnm
1962 2332 2002 2362 ud
2022 2331 2201 2362 maurim.

300 2388 348 2427 11,
377 2399 410 2429 p.
440 2390 497 2418 132
525 2387 573 2417 B:
598 2384 668 2426 παρ’
697 2384 809 2427 Ὀρφεῖ
834 2403 870 2408 -
899 2384 916 2417 ὁ
938 2385 1042 2426 Φάνης
1067 2385 1321 2427 περικαλλέος
1340 2383 1512 2425 Αἶθέρος
1539 2382 1618 2416 υἱός
1639 2382 1834 2423 ὀνομάζεται.
1875 2386 1984 2425 Neque
2005 2389 2112 2416 tamen
2134 2394 2202 2425 pro·

297 2448 408 2481 pterea
434 2444 532 2473 ctiam
558 2443 639 2480 apud
668 2442 867 2471 Lactantium
896 2439 1020 2480 αἰθέρος
1047 2442 1281 2471 rescribendum
1316 2441 1521 2476 crediderim²
1549 2442 1634 2478 quod
1660 2441 1839 2470 Lobeckiu·
1860 2453 1890 2479 p.
1915 2444 1977 2470 480
1999 2442 2096 2471 tacite
2116 2442 2202 2471 fecit.

299 2497 379 2528 Nam
402 2502 529 2528 tuentur
548 2494 633 2537 ἠέρος
655 2501 687 2527 et
714 2496 815 2536 ipsius
836 2495 992 2526 Lactantii
1013 2496 1127 2532 verba,
1155 2504 1251 2534 quum
1273 2494 1445 2524 Phanetem
1473 2503 1516 2523 cx
1543 2503 1636 2524 aere
1664 2493 1860 2524 immenso
1889 2499 1999 2526 natum
2013 2505 2091 2535 resse
2110 2494 2197 2530 dicit,

301 2556 334 2581 et
355 2552 518 2587 codicum,
540 2552 624 2592 quod
644 2551 761 2586 nciam=
785 2551 925 2579 omniurn
947 2559 1124 2579 consensus.

226 2607 262 2646 7)
302 2605 371 2635 Vid.
397 2605 485 2635 loco·
506 2615 526 2636 a
546 2606 672 2636 Rittero
693 2609 726 2635 et
745 2605 888 2635 Prellero
910 2604 1022 2635 citatos
1040 2603 1070 2634 in
1091 2603 1210 2634 Histor.
1232 2602 1348 2643 philon.
1370 2603 1492 2633 Graeco
1508 2617 1523 2623 -
1540 2603 1633 2632 Rom.
1656 2613 1687 2642 p.
1712 2605 1853 2634 12—17.

226 2662 262 2700 8)
301 2659 438 2690 Lobeck.
461 2661 618 2700 Aglaoph.
639 2670 670 2699 p.
691 2661 870 2689 484—487.
911 2659 988 2688 Add.
1008 2658 1122 2688 Justin.
1145 2663 1227 2687 mart
1262 2659 1384 2688 cohort.
1407 2668 1434 2686 c.
1456 2660 1495 2694 2,
1517 2667 1546 2695 p.
1569 2660 1616 2686 15.
1638 2660 1674 2686 16
1699 2658 1765 2687 ott.

226 2716 262 2755 9)
303 2714 354 2744 Cf.
375 2714 488 2743 Joann.
509 2713 598 2743 Diae.
627 2724 658 2753 p.
681 2715 748 2743 458.
780 2713 900 2742 Endoc.
922 2713 1003 2743 Viol.
1029 2723 1058 2752 p.
1076 2714 1146 2742 439.
1178 2712 1285 2742 schol.
1304 2712 1343 2741 ad
1363 2712 1479 2742 Aesch.
1502 2712 1607 2740 Prom.
1631 2713 1696 2740 137.
1718 2712 1756 2741 ad
1785 2712 1871 2752 Sept.
1898 2723 1924 2742 c.
1945 2713 2048 2742 Theb.
2068 2714 2139 2742 289.
2162 2729 2197 2736 —

300 2768 448 2799 Diversus
470 2767 599 2797 Cornuti
621 2772 677 2798 aut
696 2767 932 2797 Platonicorum
953 2766 1161 2797 recentiorum
1183 2767 1456 2806 interpretationes
1483 2776 1732 2797 commemorare
1758 2768 1840 2797 nolo.
1885 2768 1949 2797 vid.
1971 2766 2099 2798 corant.
2117 2778 2146 2798 c.
2166 2770 2197 2796 8.

299 2824 402 2855 Procl.
423 2822 463 2853 ad
483 2822 566 2851 Plat.
587 2821 674 2852 Tim.
696 2833 724 2862 p.
745 2824 815 2852 292.
836 2824 865 2850 3.
886 2824 915 2852 4.
