2466 3210
1069 104 1358 146 -13-

200 218 286 255 alibi
309 218 454 264 exposui
463 217 526 261 ⁸⁸>t
556 216 670 253 Perse
695 221 828 259 autem,
859 219 955 260 sive,
985 224 1022 255 ut
1044 220 1087 254 ab
1111 218 1265 254 Hesiodo
1288 218 1426 259 dicitur,
1454 218 1616 260 Perseis,
1645 221 1793 257 similem
1819 221 1902 257 mihi
1931 221 2214 267 significationem

203 291 330 326 habere
352 290 504 332 videtur,
527 302 648 337 quam,
680 292 737 336 qui
761 294 798 326 et
820 292 899 339 ipse
922 303 966 328 ex
989 293 1054 328 alia
1077 293 1223 339 quadam
1250 291 1439 327 fabularum
1469 292 1562 327 serie
1590 292 1625 326 in
1652 292 1799 330 Hesiodi
1828 294 2048 342 theogoniam
2078 293 2215 329 ascitus

203 368 277 404 est,
300 363 454 403 Perses,
480 364 579 405 Crio,
603 364 763 399 Titanum
785 377 872 405 uno,
897 370 933 400 et
955 366 1124 411 Eurybia,
1147 365 1247 399 Ponti
1269 364 1355 404 filia,
1379 367 1492 405 natus,
1515 366 1655 400 Astraei
1677 368 1713 400 et
1734 364 1902 402 Pallantis
1926 368 2027 402 frater
2036 367 2093 407 ⁶⁴).
2122 366 2213 401 Nam

204 436 304 471 Crius
327 440 363 471 et
383 435 538 483 Eurybia
561 437 641 481 quin
665 437 710 471 ad
732 449 827 473 mare
850 440 1062 484 pertineant,
1092 439 1234 482 eiusque
1256 449 1415 482 magnam
1439 438 1506 472 vim
1530 442 1567 472 et
1593 441 1803 483 potestatem
1825 440 2039 483 significent,
2069 439 2214 474 dubitari

202 510 259 543 vix
280 520 391 555 posse
414 509 568 543 arbitror.
614 509 743 545 Horum
770 511 859 545 lilius
882 511 1100 545 Astraeus
1129 523 1160 545 s.
1183 509 1394 544 Sidereus
1427 512 1610 555 propterea
1633 509 1773 551 dicitur,
1805 510 1896 556 quod
1926 498 2045 546 sidera
2071 516 2107 546 et
2137 512 2214 546 oriri

204 592 226 617 e
252 582 337 616 mari
367 585 402 616 et
431 582 475 615 ali
502 582 606 617 etiam
635 584 741 618 maris
771 583 990 618 exhalatione
1019 583 1228 618 videbantur.
1272 582 1372 617 Alter
1394 582 1502 623 filius,
1536 581 1684 617 Pallas
1720 594 1749 618 s.
1781 583 1989 624 Vibruus,
2025 584 2094 618 vim
2122 584 2216 619 illam

205 654 392 701 significat,
423 664 491 698 qua
520 654 639 690 sidera
670 657 714 691 ab
743 661 818 692 ortu
844 656 888 691 ad
917 667 1077 691 occasum
1100 668 1163 703 per
1202 655 1287 690 coeli
1316 666 1471 690 convexa
1497 656 1595 700 quasi
1626 655 1817 691 vibrantur:
1862 655 2026 692 Perses
2056 656 2215 702 denique,

207 738 307 771 quem
331 726 360 760 T
369 738 554 762 rameum
579 740 612 763 s.
637 709 884 764 Penetfium
909 730 1124 774 interpretari
1148 729 1244 767 licet,
1267 739 1344 761 eam
1365 729 1451 767 vim,
1479 738 1563 772 qua,
1591 732 1818 773 posteaquam
1850 729 2067 769 occiderunt,
2096 739 2217 763 rursus

206 800 338 834 occulta
359 801 508 845 quadam
531 803 587 837 via
609 803 654 837 ad
676 803 820 837 eundem
846 801 936 836 unde
962 805 1039 836 orta
1061 805 1157 836 erant
1178 801 1287 835 locum
1310 804 1536 835 revertuntur.
1581 801 1681 835 Hanc
1703 802 1805 846 igitur
1828 802 2019 836 revertendi
2040 805 2076 836 et
2096 804 2218 836 trame-

205 872 285 908 andi
312 873 382 908 vim
405 873 511 910 etiam
533 874 565 910 in
589 873 759 911 Perseide
782 887 813 911 s.
840 873 971 915 Perse,
996 873 1130 910 Oceani
1153 873 1234 915 lilia,
1260 885 1451 919 agnoscere
1474 871 1556 907 mihi
1580 871 1713 908 videor:
1739 885 1828 919 quae
1851 874 2010 920 quoniam
2032 873 2077 909 ad
2098 873 2218 910 Solem

206 957 276 978 non
299 946 413 979 minus
434 957 536 991 quam
560 947 604 981 ad
626 948 740 981 sidera
765 948 930 994 pertinet,
954 947 1029 980 Soli
1052 947 1138 980 haec
1160 947 1282 980 coniux
1305 946 1387 980 data
1407 946 1536 989 est⁶⁵)‚
1557 956 1601 980 ex
1624 956 1691 992 quo
1713 946 1848 981 Aeeten
1871 950 1906 982 et
1928 947 2050 983 Circen
2072 947 2219 994 peperit,

208 1029 352 1061 quorum
377 1019 485 1053 sedes
509 1021 544 1052 in
566 1020 610 1052 iis
636 1021 834 1064 regionibus
857 1023 957 1057 sunt,
980 1031 1068 1062 quas
1090 1019 1150 1051 Sol
1170 1022 1227 1051 aut
1250 1020 1365 1051 oriens
1388 1020 1534 1062 primas,
1558 1023 1618 1052 aut
1640 1018 1803 1052 occidens
1825 1023 2020 1062 postremas
2041 1021 2169 1052 invisit.

353 1091 426 1126 Sed
446 1091 654 1127 redeundum
680 1096 736 1127 est
757 1091 801 1126 ad
824 1091 927 1126 Ponti
952 1093 1168 1137 progeniem,
1188 1103 1232 1125 ex
1256 1103 1323 1135 qua
1345 1091 1485 1126 duorum
1504 1095 1634 1126 tantum
1657 1092 1799 1125 liliorum
1813 1091 1996 1126 Homerum
2019 1094 2221 1127 meminisse

207 1162 373 1208 vidimus,
396 1163 502 1202 Nerei
528 1167 564 1202 et
588 1162 727 1202 Phorci.
775 1162 830 1202 De
856 1163 948 1201 illius
971 1163 1125 1206 filiabus,
1147 1161 1374 1205 Nereidibus,
1397 1166 1535 1211 praeter
1560 1161 1718 1200 Thetin
1741 1162 1828 1201 aliae
1850 1165 2065 1201 nominantur
2087 1167 2161 1202 tres
2184 1168 2221 1202 et

207 1239 365 1283 triginta,
389 1239 509 1284 partim
533 1238 676 1279 iisdem,
700 1248 788 1285 quae
812 1237 992 1272 Hesiodus
1016 1237 1136 1277 refert,
1168 1236 1380 1276 nominibus,
1408 1236 1532 1283 partim
1556 1235 1703 1272 diversis
1713 1236 1769 1281 ⁶⁶).
1814 1235 1938 1272 Phorci
1969 1248 2070 1273 unam
2093 1236 2220 1275 Home-

209 1324 268 1344 rus
292 1312 393 1344 filiam
419 1314 589 1350 nominat,
614 1313 845 1351 Thoosam‚
884 1312 1043 1345 Hesiodo
1079 1312 1245 1354 ignotam,
1283 1321 1384 1352 quam
1410 1310 1616 1353 Polyphemi
1641 1321 1684 1343 ex
1704 1311 1863 1356 Neptuno
1886 1315 2027 1344 matrem
2049 1323 2133 1345 esse
2156 1314 2223 1345 iam

207 1395 315 1430 supra
337 1384 497 1419 diximus.
544 1384 732 1429 Coniugem
756 1389 870 1419 autem
894 1384 1110 1428 eandemque
1133 1395 1282 1418 sororem
1307 1382 1447 1422 Phorci,
1471 1383 1700 1423 Cetonem,
1723 1396 1891 1428 nusquam
1913 1390 2089 1423 memorat,
2113 1397 2225 1428 neque

207 1454 296 1491 alios
317 1456 371 1492 vel
395 1455 484 1492 filios
508 1456 629 1492 horum
651 1457 707 1493 vel
730 1460 908 1505 posteros,
939 1456 996 1503 qui
1018 1467 1174 1503 magnam
1194 1454 1396 1491 Hesiodeae
1419 1454 1628 1502 theogoniae
1651 1459 1781 1503 partem
1804 1457 1962 1504 implent,
1985 1462 2223 1504 praeterquam

209 1529 333 1563 hosce.
378 1529 530 1564 Primum
554 1530 814 1574 Gorgonem,
839 1540 928 1574 quae
953 1533 1012 1564 aut
1036 1531 1113 1576 ipsa
1135 1532 1192 1564 aut
1214 1531 1317 1574 caput
1345 1529 1439 1568 eius,
1471 1527 1641 1562 horrendo
1663 1532 1826 1575 aspectu,
1860 1529 1950 1576 apud
1978 1530 2107 1566 inferos
2138 1541 2223 1566 esse

210 1603 426 1644 videtui-⁶⁷),
449 1603 587 1648 effigies
610 1607 740 1641 autem,
770 1604 860 1636 sicut
882 1603 974 1635 Iovis
998 1603 1129 1646 aegidi,
1158 1604 1207 1635 ita
1236 1602 1337 1634 etiam
1362 1602 1635 1646 Agamemnonis
1657 1605 1758 1634 scuto
1788 1603 1945 1647 imposita
1956 1604 2022 1645 ⁶⁸),
2052 1603 2223 1637 terrendis

210 1677 347 1711 scilicet
371 1676 590 1711 adversariis.
635 1674 898 1714 Obtruncatam,
922 1679 960 1709 ut
982 1675 1158 1709 Hesiodus
1182 1675 1302 1714 refert,
1333 1687 1354 1709 a
1377 1674 1510 1708 Perseo
1534 1685 1703 1717 nusquam
1727 1674 1897 1708 Homerus
1919 1680 2101 1716 memorat3
2125 1677 2221 1720 igno-

209 1752 281 1785 tam
306 1749 340 1785 ei
362 1748 510 1784 fabulam
534 1748 660 1789 fuisse,
683 1748 740 1783 vix
760 1752 834 1783 tuto
858 1748 1024 1793 colligas,
1050 1748 1217 1792 siquidem
1243 1746 1366 1783 Persei
1387 1747 1513 1782 saltem
1535 1747 1687 1781 meminit
1710 1749 1748 1781 ut
1771 1746 1915 1782 πάντων
1935 1745 2145 1793 οἷ’ριδεικέτου
2168 1746 2224 1784 α’ν-

211 1821 327 1868 δρῶν,
353 1822 390 1857 ll.
416 1821 517 1863 XIV,
541 1820 624 1862 320,
652 1831 853 1867 quamquam
875 1821 954 1856 loco
977 1820 1151 1855 veteribus
1169 1821 1296 1855 criticis
1313 1823 1481 1867 suspecto
1490 1820 1549 1863 ⁶⁹).
1575 1819 1785 1855 Memoratur
1799 1831 1899 1866 porro
1914 1821 2010 1856 canis
2026 1821 2221 1863 inferorum,

238 2005 295 2041 53)
336 2005 371 2033 In
392 2005 517 2032 dissert.
540 2006 578 2032 de
599 2005 711 2033 Ocenn.
730 2009 762 2033 et
782 2005 906 2033 Nereid.
929 2005 1023 2033 catal.
1043 2014 1073 2041 p.
1097 2006 1142 2031 14.

240 2057 297 2096 54)
338 2058 384 2087 Dc
405 2058 456 2088 his
477 2058 623 2088 omnibus
639 2059 720 2089 conf.
741 2059 867 2089 dissert.
890 2060 928 2089 de
949 2059 1119 2089 Titanibus
1139 2059 1212 2089 Hes.
1233 2071 1263 2098 p.
1284 2062 1334 2088 20.

237 2112 293 2149 ⁵5)
336 2111 394 2141 od.
416 2112 463 2149 X,
488 2114 552 2140 138.
576 2114 604 2140 9.
643 2112 766 2153 Theog.
789 2115 858 2142 957.

240 2168 296 2205 56)
337 2168 365 2197 II
397 2168 515 2202 xviii,
537 2170 682 2202 39-49,
705 2179 782 2205 quos
804 2179 912 2198 versus
934 2168 1087 2197 Zenodoti
1108 2169 1198 2197 obelo
1219 2173 1343 2198 notatos
1365 2178 1434 2196 esse
1454 2168 1647 2197 scholiastae
1668 2175 1853 2197 memorant.

241 2221 296 2259 57)
338 2220 396 2251 Od.
418 2220 480 2255 XI,
502 2222 578 2257 633,
608 2220 647 2250 de
668 2231 728 2259 quo
749 2222 819 2251 loco
841 2222 947 2253 varias
969 2225 1113 2251 veterum
1134 2230 1170 2251 ac
1190 2222 1398 2251 recentiorum
1427 2220 1632 2261 interpretum
1659 2221 1830 2252 sententias
1857 2221 2036 2251 examinare
2064 2231 2143 2252 nunc
2170 2233 2231 2254 nun

338 2285 418 2314 opus
440 2279 500 2305 est.

242 2329 297 2368 58)
338 2330 374 2360 ll.
398 2330 433 2365 V,
456 2332 524 2359 741.
546 2330 606 2366 XI,
629 2332 678 2359 36.

241 2385 297 2421 59)
339 2385 428 2413 conf.
452 2385 589 2414 Lobeck.
609 2385 767 2424 Aglaoph.
792 2396 820 2423 p.
839 2388 908 2414 286.
949 2385 1036 2413 Idem
1058 2383 1107 2412 vir
1119 2393 1276 2419 summus,
1297 2385 1348 2413 cui
1369 2384 1514 2423 equidem
1533 2394 1584 2413 me
1600 2394 1732 2423 meaque
1754 2385 1880 2424 probari
1902 2395 1975 2424 prae
1996 2387 2108 2416 ceteris
2129 2389 2233 2428 cupio,

340 2450 370 2479 p.
391 2441 448 2469 317
470 2444 533 2469 not.
551 2449 579 2469 a.
620 2439 779 2478 IIeynium
802 2441 1000 2479 reprehendit
1023 2443 1149 2478 propter
1175 2438 1323 2468 iudicium
1348 2439 1376 2468 in
1399 2441 1483 2468 obss.
1507 2439 1545 2469 ad
1568 2439 1748 2477 Apollodor.
1768 2452 1796 2479 p.
1821 2443 1876 2470 118
1897 2442 2070 2480 prolatum:
2092 2444 2234 2481 „Quod

339 2495 558 2524 Hesiodum
578 2495 745 2533 primum
767 2495 936 2525 fabulae
957 2496 1002 2524 de
1025 2496 1214 2533 Gorgone
1235 2498 1274 2523 et
1295 2494 1444 2523 Perseo
1461 2498 1669 2523 auctorem
1686 2495 1808 2523 edunt
1829 2493 1906 2522 viri
1928 2494 2048 2531 docti,
2070 2502 2237 2526 annotare

341 2549 541 2587 Hesychio
563 2550 611 2586 (s.
634 2559 665 2579 v.
686 2548 820 2587 Γοργώ
841 2555 878 2579 et
897 2552 1062 2588 Γοργείη
1092 2548 1196 2587 κεφ.)
1223 2558 1356 2586 parum
1385 2549 1501 2578 docte
1522 2548 1698 2585 faciunt,
1728 2548 1794 2587 qui
1822 2548 2039 2579 Ilomerum
2069 2551 2237 2581 fabulas

343 2603 419 2633 has
450 2603 645 2642 ignorare
679 2604 711 2632 h.
736 2613 762 2632 e.
792 2603 843 2632 iis
869 2614 941 2634 non
970 2604 1032 2633 uti
1060 2603 1158 2633 ait.“
1199 2602 1278 2631 Sane
1312 2606 1447 2632 mentem
1476 2602 1631 2642 Hesychii
1663 2602 1806 2642 Heynius
1833 2611 1891 2632 non
1913 2603 2071 2643 ,κενῆς
2105 2614 2176 2635 nam
2207 2605 2236 2635 is

348 2667 462 2697 reapse
489 2658 686 2697 excogitasse
707 2657 881 2687 Hesiodum
910 2659 991 2688 hanc
1013 2658 1177 2694 fabulam,
1204 2668 1262 2687 nou
1283 2659 1385 2687 solum
1408 2667 1551 2688 narrasse
1577 2659 1712 2697 primum
1735 2668 1752 2687 e
1777 2659 2000 2696 superstitibus
2026 2661 2127 2697 poetis
2153 2660 2240 2690 dicit.

343 2711 405 2741 Sed
435 2712 496 2741 hoc
523 2711 678 2750 Hesychii
706 2711 919 2742 testimonium
947 2723 1007 2743 non
1036 2713 1108 2752 plus
1135 2711 1279 2752 ponderis
1306 2713 1424 2742 habere
1450 2715 1570 2752 potest,
1599 2722 1693 2752 quam
1724 2715 1865 2742 veterum
1893 2713 2173 2753 grammaticorum
2201 2713 2239 2744 de

343 2766 443 2796 Nereo
463 2766 639 2803 sententia,
668 2767 758 2796 cuius
778 2777 875 2806 supra
894 2768 1084 2798 mentionem
1106 2767 1186 2797 feci:
1208 2777 1278 2797 eum
1300 2772 1427 2804 autem,
1455 2767 1507 2796 cui
1526 2768 1636 2797 Persei
1657 2767 1746 2797 fama
1765 2772 1841 2798 nota
1867 2773 1955 2804 erat,
1984 2767 2107 2797 facinus
2128 2768 2237 2799 Persei
