2466 3210
1071 120 1333 163 -4-

190 239 283 285 qnod
305 249 418 285 genus
437 237 488 273 illi
502 241 614 274 totum
636 249 659 273 a
681 238 796 284 poetis
819 235 1013 277 confictum,
1035 239 1072 272 et
1093 235 1138 271 ad
1161 234 1442 275 oblectationem,
1464 246 1534 270 non
1555 234 1601 271 ad
1623 236 1787 282 pietatem
1810 240 1869 272 aut
1890 235 2100 284 sapientiam
2119 246 2211 271 com-
2243 228 2251 272 s

189 314 347 359 paratum
374 321 461 346 esse
491 313 655 357 arguunt,
684 310 786 344 immo
815 308 1046 344 condemnant
1074 312 1238 355 tanquam
1262 308 1419 344 frivolum
1447 319 1489 344 ac
1517 308 1743 354 sacrilegumt
1772 309 1917 346 alterum
1946 312 2062 345 autem
2084 319 2212 348 earum,

190 396 279 432 quae
301 395 382 420 cum
404 383 493 419 civili
513 382 690 428 theologia
711 383 913 419 coniunctae
936 385 1035 418 erant
1055 381 1251 429 rituumque
1276 385 1313 417 et
1327 381 1609 417 caerimoniarum
1630 392 1759 417 causas
1779 385 1885 428 atque
1911 382 2063 429 origines
2084 380 2213 417 referre
2244 387 2246 391 ’

189 457 437 496 credebantur,
461 466 529 501 quo
552 455 586 488 in
609 465 738 500 genere
761 455 947 490 nonnullae
968 457 1062 488 certe
1086 465 1132 488 ex
1155 454 1201 489 iis
1224 459 1322 496 sunt,
1347 465 1436 500 quae
1464 453 1572 497 ἱερῶν
1601 455 1717 500 λογων
1745 455 1884 489 nomine
1912 456 2047 501 passim
2076 466 2099 490 a
2122 453 2213 489 Pau·

188 531 289 566 sauia
312 529 460 574 aliisque
481 531 802 563 commemorantur.
843 527 990 562 Fontem
1004 509 1120 561 autem
1134 525 1324 562 fabularum
1338 528 1552 573 primamque
1567 527 1733 572 originem
1748 527 1837 562 hauc
1854 527 1967 562 fuisse
1979 529 2213 574 agnoscimus,

189 601 284 648 quod
304 601 452 636 divinam
473 603 646 640 naturam,
670 600 771 635 cuius
795 599 962 647 quaedam
983 599 1083 644 quasi
1105 599 1305 645 anticipatio
1326 599 1475 633 humano
1498 599 1616 644 generi
1639 600 1757 634 innata
1784 603 1864 641 est,
1892 600 2075 635 informare
2096 600 2215 646 prisca

188 678 290 710 aetas
318 673 388 708 nisi
409 672 455 707 ad
484 672 657 708 humanae
690 676 832 707 naturae
862 671 1055 718 exemplum
1084 683 1154 706 nou
1181 673 1309 718 potuit,
1338 671 1431 706 unde
1461 683 1613 706 necesse
1640 671 1702 706 fuit
1729 676 1767 707 et
1794 672 2044 707 multitudinem
2070 670 2215 705 deorum

189 757 378 791 emergere,
400 749 437 780 et
458 744 579 780 horum
602 755 739 780 omnem
762 745 867 779 vitam
892 744 1132 789 actionemque
1155 744 1325 779 humanae
1349 744 1442 779 vitae
1463 744 1720 780 similitudinem
1743 744 1897 780 induere.
1942 745 2033 780 Hinc
2055 744 2158 790 igitur
2179 747 2216 777 et

188 820 273 854 ritus
295 829 471 853 sacrorum
495 818 633 864 plurimi
662 818 847 852 extiterunt
871 816 916 851 ad
938 815 1121 850 imitandas
1145 815 1397 860 quodammodo
1410 815 1553 851 deorum
1575 818 1732 852 actiones
1746 818 1909 858 instituti,
1931 820 1968 851 et
1981 816 2214 851 narrationum

187 902 314 937 magna
334 889 535 928 multitudo.
559 900 702 934 quarum
724 889 830 929 aliae,
853 900 954 933 quum
980 899 1157 922 connexae
1180 900 1256 922 cum
1282 889 1394 923 sacris
1416 894 1677 934 permanerent,
1706 901 1776 924 non
1797 889 1940 924 multum
1963 889 2036 924 sere
2058 900 2081 923 a
2104 889 2215 934 prima

186 963 297 999 sonna
317 962 559 1008 degenerasse
581 962 760 1001 videntur,
790 961 880 996 aliae
905 965 1019 996 autem
1050 972 1071 995 a
1098 960 1213 1007 poetis
1244 963 1435 1006 susceptae
1464 959 1675 1007 liberiusque
1705 965 1890 1001 tractatae,
1918 962 2105 1006 multisque
2134 971 2214 995 mox

188 1035 345 1081 ipsorum
377 1034 517 1080 ingenio
547 1034 756 1080 excogitatis
785 1036 909 1068 auctae
935 1036 1034 1074 sunt,
1062 1032 1266 1079 praesertim
1295 1042 1397 1077 quum
1426 1033 1642 1077 antiquorum
1672 1032 1845 1069 hominum
1874 1034 2000 1074 rebus,
2035 1044 2136 1078 quam
2166 1032 2214 1067 illi

187 1107 375 1142 carminum
401 1105 579 1140 materiam
608 1104 804 1145 habebant,
835 1104 970 1139 divinae
997 1114 1169 1150 personae
1197 1102 1418 1137 multifariam
1448 1103 1733 1139 immiscerentur.
1789 1104 1889 1140 Haec
1926 1104 1993 1139 duo
2023 1104 2214 1139 fabularum

188 1190 320 1226 genera
342 1179 446 1213 certis
477 1176 684 1224 quibusdam
708 1178 800 1212 notis
829 1176 1032 1212 discernere
1054 1187 1308 1222 saepenumero
1345 1176 1500 1222 quidem,
1529 1177 1791 1224 haudquaquam
1819 1181 1936 1213 tamen
1965 1188 2106 1224 semper
2134 1187 2214 1223 pos-

189 1263 332 1290 sumus,
363 1262 431 1294 qua
460 1250 505 1284 de
535 1262 574 1284 re
605 1250 673 1284 hoc
702 1250 778 1284 loco
809 1249 987 1294 disputare
1016 1249 1113 1289 nolo;
1143 1248 1226 1283 illud
1255 1252 1372 1283 autem
1400 1249 1501 1284 facile
1530 1250 1850 1290 animadvertimus,
1878 1251 1913 1284 in
1934 1254 2068 1284 neutro‘
2086 1261 2216 1294 genere

190 1335 292 1359 unam
315 1325 352 1358 et
373 1322 592 1368 aequabilem
614 1321 835 1358 traditionem
858 1320 951 1368 apud
970 1332 1092 1356 omnes
1117 1320 1274 1356 Graecos
1297 1320 1388 1357 adeo
1412 1321 1628 1362 obtinuisse,
1660 1326 1697 1357 ut
1726 1334 1793 1358 non
1817 1321 1862 1357 de
1891 1320 2014 1357 iisdem
2036 1320 2104 1357 diis
2131 1321 2213 1357 deo-

191 1406 336 1440 rumque
369 1394 563 1430 actionibus
593 1394 682 1430 aliae
717 1393 810 1442 apud
839 1394 928 1429 alios
959 1393 1097 1428 fabulae
1129 1392 1308 1429 ferrentur.
1365 1393 1463 1429 Haec
1498 1398 1612 1430 autem
1646 1394 1798 1430 varietas
1825 1405 1867 1429 ac
1903 1392 2082 1430 dissensio
2109 1394 2214 1429 etiam

195 1467 295 1514 ipsos
319 1466 487 1508 Graecos,
513 1467 545 1502 si
568 1466 672 1502 modo
694 1466 913 1502 mediocriter
935 1464 1177 1506 attenderent,
1206 1465 1313 1500 latere
1334 1465 1489 1512 profecto
1513 1477 1582 1501 non
1603 1467 1730 1513 potuit:
1753 1477 1821 1512 qua
1841 1466 1953 1502 semel
1975 1466 2215 1502 animadversa

190 1551 344 1575 necesse
366 1543 441 1574 erat
463 1539 507 1574 de
530 1538 599 1574 fide
621 1542 658 1573 et
679 1540 885 1573 auctoritate
910 1538 1096 1574 fabularum
1125 1537 1306 1585 plurimum
1330 1537 1472 1574 detrahi.
1517 1537 1642 1572 Errant
1663 1539 1754 1573 enim
1781 1538 2007 1580 stultissime,
2036 1539 2095 1585 qui
2124 1540 2214 1573 istas

187 1613 464 1648 narratiunculas
488 1613 589 1657 quasi
611 1612 809 1656 dogmatum
832 1612 940 1646 instar
966 1610 1104 1646 habitas
1127 1622 1211 1645 esse
1234 1611 1396 1651 credunt,
1420 1623 1508 1656 quae
1531 1615 1590 1646 aut
1615 1613 1802 1646 examinari
1823 1616 1882 1647 aut
1906 1612 2098 1658 impugnari
2122 1615 2158 1647 et
2180 1613 2213 1646 in

188 1684 328 1720 dubium
351 1685 467 1719 vocari
491 1683 590 1718 salva
617 1683 785 1728 religione
814 1695 884 1717 non
913 1684 1103 1729 potuerint3
1134 1695 1248 1728 neque
1272 1685 1455 1728 quisquam
1484 1694 1620 1722 eorum,
1651 1684 1709 1727 qui
1738 1684 1928 1728 impietatis
1953 1684 2045 1730 apud
2073 1688 2214 1719 veteres

189 1757 239 1793 rei
261 1756 412 1797 suerunt,
435 1758 621 1802 propterea
643 1758 828 1791 accusatus
852 1758 929 1795 est,
953 1754 1045 1800 quod
1066 1754 1200 1790 fabulas
1223 1758 1404 1803 sperneret
1427 1767 1468 1790 ac
1494 1755 1670 1796 reiiceret,
1699 1755 1764 1790 sed
1789 1755 1880 1802 quod
1905 1759 1963 1791 aut
1985 1755 2073 1791 deos
2102 1755 2212 1803 ipsos,

189 1828 247 1876 qui
269 1827 408 1876 publice
424 1827 634 1869 colebantur,
657 1828 792 1863 omnino
809 1838 893 1862 esse
907 1830 1070 1873 negaret,
1092 1830 1153 1863 aut
1174 1838 1277 1863 sacra
1291 1838 1408 1862 eorum
1431 1827 1576 1862 violaret
1598 1827 1653 1862 vel
1668 1827 1842 1863 irridendo
1866 1832 1902 1864 et
1923 1829 1959 1864 in
1980 1830 2213 1876 contemptum

189 1900 410 1940 adducendo,
436 1901 492 1935 vel
517 1902 621 1935 etiam
644 1912 765 1934 arcana
787 1899 957 1944 quaedam
980 1900 1188 1944 evulgando,
1220 1911 1311 1944 quae
1341 1900 1513 1946 profanari
1541 1901 1644 1934 nefas
1672 1905 1783 1935 esset.
1830 1902 1953 1947 ltaque
1982 1902 2038 1946 qui
2062 1901 2107 1935 de
2137 1901 2213 1934 reli·

189 1975 293 2018 gione
314 1978 469 2008 veterum
493 1978 680 2019 quaerunt,
709 1974 788 2008 illud
812 1978 893 2007 ante
916 1974 1029 2007 omnia
1050 1973 1232 2018 diligenter
1254 1974 1434 2009 attendere
1455 1973 1601 2012 debent,
1633 1977 1670 2007 ut
1699 1977 1911 2020 perspiciant
1933 1976 2142 2021 planumque
2165 1975 2212 2010 sa-

190 2047 298 2088 ciant,
321 2050 493 2092 quatenus
525 2045 586 2082 illa
614 2045 751 2090 religio,
782 2044 939 2090 quamvis
969 2049 1068 2081 esset
1090 2045 1134 2081 ab
1160 2045 1258 2082 initio
1281 2058 1358 2081 cum
1391 2044 1518 2081 sabulis
1548 2045 1748 2085 coniuncta,
1777 2049 1941 2082 constare
1969 2050 2084 2083 tamen
2109 2046 2213 2082 etiam

189 2118 320 2166 spretis
347 2117 474 2154 sabulis
492 2116 585 2165 apud
607 2118 699 2152 viros
724 2116 832 2152 bonos
855 2129 897 2153 ac
921 2117 999 2163 pios
1022 2118 1190 2164 potuerit,
1220 2117 1374 2163 itemque
1399 2117 1457 2163 qui
1483 2117 1555 2153 lieri
1578 2117 1744 2164 potuerit,
1772 2121 1810 2154 nt
1834 2120 1937 2155 etiam
1962 2118 2057 2166 apud
2080 2119 2213 2166 imperi-

190 2193 264 2230 tos,
287 2190 346 2235 qui
369 2191 484 2224 minus
507 2190 644 2224 fabulas
667 2193 889 2234 spernerent,
914 2200 1019 2235 quum
1042 2190 1186 2235 plurima
1208 2191 1241 2224 in
1268 2190 1325 2223 his
1348 2189 1500 2224 absurda
1522 2193 1558 2223 et
1580 2189 1650 2223 diis
1663 2189 1848 2234 divinaque
1867 2192 2053 2225 maiestate
2074 2190 2215 2237 indigna

191 2262 420 2304 traderentur,
458 2263 547 2298 haec
577 2266 692 2297 tamen
722 2262 827 2297 multo
861 2264 993 2302 minus,
1021 2273 1119 2308 quam
1153 2261 1335 2301 crederes,
1372 2262 1492 2308 pietati
1529 2273 1570 2296 ac
1599 2262 1753 2297 moribus
1789 2262 1978 2299 officerent.
2033 2264 2120 2299 Nam
2148 2264 2216 2299 hoe

192 2335 353 2380 equidem
375 2336 464 2370 satis
486 2338 649 2370 constare
679 2335 822 2370 arbitror
850 2336 937 2370 inter
963 2346 1101 2375 omnes,
1138 2335 1195 2379 qui
1223 2345 1335 2379 aequo
1364 2334 1477 2369 animo
1509 2337 1645 2369 veteres
1671 2334 1828 2370 Graecos
1859 2347 1934 2371 cum
1966 2337 2214 2373 recentioribus

192 2407 331 2455 populis
352 2419 552 2456 comparare
573 2406 680 2442 velint
702 2419 743 2442 ac
774 2408 928 2453 possint.
963 2407 997 2442 in
1023 2410 1118 2442 tanta
1149 2406 1337 2442 fabularum
1367 2394 1595 2455 perversitate
1617 2408 1792 2453 tantisque
1823 2409 2018 2457 opinionum
2041 2410 2215 2448 erroribus

193 2491 307 2515 mores
330 2484 446 2515 tamen
469 2480 601 2514 illorum
624 2479 718 2515 haud
741 2480 813 2513 sere
836 2480 1031 2514 deteriores
1057 2480 1166 2514 fuisse
1189 2492 1289 2526 quam
1315 2480 1453 2519 horum,
1477 2482 1546 2526 qui,
1568 2492 1671 2526 quum
1694 2482 1861 2527 puriorem
1885 2481 2073 2518 doctrinam
2095 2485 2213 2520 verbis

193 2553 448 2597 profiterentur,
471 2557 651 2599 praestare
675 2552 764 2587 hanc
787 2553 1039 2598 professionem
1063 2554 1133 2588 vita
1155 2558 1190 2588 et
1214 2553 1315 2588 sactis
1337 2557 1395 2587 aut
1417 2565 1492 2587 raro
1517 2558 1574 2588 aut
1596 2565 1769 2599 nunquam
1792 2557 1984 2600 potuerunt.
2029 2556 2103 2591 Sed
2126 2557 2214 2592 haee

193 2626 387 2660 accuratius
409 2637 586 2672 exponere
614 2627 681 2662 alio
705 2626 858 2660 sortasse
885 2629 1042 2673 tempore
1073 2626 1288 2661 conabimur:
1317 2637 1409 2660 nunc
1433 2625 1499 2660 hoc
1520 2630 1652 2661 tantum
1680 2627 1783 2661 nohis
1814 2629 2029 2674 propositum
2061 2633 2133 2670 est,
2165 2633 2213 2671 ut,

196 2700 355 2744 quoniam
386 2699 575 2734 fabularum
604 2698 841 2733 diversitatem
870 2700 1019 2733 maxime
1049 2698 1185 2733 officere
1215 2710 1330 2733 earum
1360 2699 1554 2734 auctoritati
1582 2698 1750 2734 debuisse
1772 2699 1936 2740 diximus,
1972 2704 2099 2746 quanta
2127 2703 2215 2738 haee

195 2770 294 2807 suerit
314 2771 503 2806 diversitas
526 2782 642 2806 eorum
665 2772 821 2817 ipsorum
845 2771 1003 2816 exemplo
1027 2770 1271 2811 ostendamus,
1293 2783 1382 2816 quos
1406 2771 1605 2807 Herodotus
1628 2776 1788 2817 tanquam
1806 2778 1965 2809 auctores
1986 2776 2098 2811 omnis
2118 2777 2213 2812 fabu-
