2466 3210
1062 112 1376 156 ,-.21..-

232 235 418 281 liberisque
438 231 592 281 plurimis
614 229 801 277 susceptis.
846 228 1012 265 Restabit
1038 229 1161 276 igitur,
1189 232 1227 264 ut
1254 240 1330 264 cum
1353 228 1432 263 aliis
1455 227 1662 274 quibusdam
1685 228 1858 263 veteribus
1879 229 2010 274 τοκῆας
2030 226 2110 268 illo,
2139 238 2240 272 quem

231 311 431 348 citavimus,
452 307 529 341 1000
553 316 622 339 non
646 303 691 338 de
715 303 936 349 parentibus,
959 303 1110 338 Saturno
1133 307 1169 338 et
1190 301 1310 342 Rhea,
1336 301 1403 336 sed
1424 301 1470 336 de
1491 304 1647 349 proavis,
1678 301 1821 336 Oceano
1853 306 1888 336 et
1909 302 2064 348 Tethye,
2095 302 2241 347 accipia-

230 395 321 418 mus.
365 381 417 415 lta
438 389 526 414 sane
547 388 616 411 non
639 376 777 411 difficile
799 375 865 410 erit
891 375 1149 411 dissensionem
1181 376 1283 410 istam
1315 386 1535 420 componere:
1573 377 1760 422 poterimus
1801 375 1891 409 enim
1921 379 1957 410 et
1990 374 2241 409 clandestinum

231 458 334 491 istum
357 448 574 487 concubitum
596 451 632 484 et
653 448 876 493 subsequens
897 449 1142 484 matrimonium
1158 447 1298 483 cuilibet
1314 448 1470 492 quamvis
1482 459 1562 483 sero
1577 449 1720 494 tempori
1734 448 1928 493 assignare.
1972 447 2104 481 Vereor
2123 450 2238 481 tamen

228 534 456 572 magnopere,
484 524 522 555 ut
544 520 632 563 haec
654 520 888 566 interpretatio
913 531 996 554 vera
1020 520 1085 560 sit,
1114 519 1305 564 videorque
1330 518 1414 553 mibi
1444 530 1633 566 agnoscere
1663 521 1750 555 duas
1774 518 2027 554 tractandarum
2050 518 2237 552 fabularum

229 600 381 634 rationes
394 596 497 642 plane
518 593 607 627 inter
626 604 669 627 se
693 592 861 627 diversas.
898 591 1035 638 Nempe
1049 593 1189 628 deorum
1205 594 1311 638 regis,
1333 594 1410 627 eius
1425 604 1527 638 quem
1546 606 1667 636 omnes
1686 593 1812 628 Graeci
1821 592 1989 627 communi
2006 592 2143 625 nomine
2158 590 2237 631 Δία,

228 671 264 707 h.
289 683 320 707 e.
344 665 433 705 nihil
453 665 546 703 aliud
572 677 674 711 quam
703 664 832 700 Deum
861 664 1099 711 appellabant,
1126 666 1216 702 aliae
1240 666 1320 701 olim
1346 666 1428 701 alibi
1452 678 1576 703 uxores
1599 666 1834 706 habebantur,
1866 668 1903 700 ut
1931 675 2088 711 quaeque
2110 662 2180 698 dea
2203 662 2239 696 in

228 745 375 778 maximo
398 742 489 788 apud
511 749 683 782 quemque
705 737 866 783 populum
889 736 1018 772 bonore
1039 743 1115 774 erat
1140 739 1304 783 lovisque
1337 740 1512 773 consortio
1542 739 1646 783 digna
1678 739 1934 773 aestimabatur.
1986 737 2084 771 Hanc
2108 735 2239 781 opinio-

228 824 308 845 num
332 811 530 846 varietatem
552 817 782 856 susceperunt
805 810 928 845 deinde
949 816 1093 857 poetae,
1119 813 1176 856 qui
1198 824 1300 857 quum
1323 812 1458 847 fabulas
1485 813 1571 847 alias
1592 813 1674 847 alibi
1698 816 1800 846 natas
1824 815 2005 845 contexere
2028 811 2116 844 inter
2137 821 2180 843 se
2202 812 2240 842 et

227 884 433 919 concinnare
455 887 676 925 conarentur,
700 883 771 918 lieri
796 896 863 918 non
885 885 1009 930 potuit,
1042 884 1123 930 quin
1145 897 1206 931 pro
1228 884 1448 920 fundamento
1478 888 1646 932 ponerent
1674 896 1737 920 eas
1765 884 2004 931 potissimum,
2033 893 2121 928 quae
2148 880 2239 927 ipsis

231 956 362 1003 patriae
386 958 422 992 et
444 955 535 1002 apud
557 955 743 1003 populares
766 970 851 993 suos
876 960 1037 1004 receptae
1056 960 1198 999 essent,
1221 960 1357 994 ceteras
1377 960 1492 994 autem
1514 957 1569 993 bis
1592 960 1752 1004 quantum
1770 959 1920 1005 possent
1934 954 2238 992 accommodarent.

230 1028 348 1075 ltaque
380 1030 412 1064 si
436 1028 529 1064 lovis
552 1040 693 1064 uxorem
722 1030 757 1063 in
785 1031 898 1077 patria
926 1042 992 1065 sua
1018 1029 1198 1072 lunonem,
1234 1030 1327 1078 apud
1356 1030 1445 1066 alios
1473 1034 1586 1065 autem
1614 1030 1701 1065 alias
1728 1029 1896 1065 celebrari
1925 1029 2096 1067 viderent,
2125 1026 2238 1061 conci-

230 1102 416 1135 liandarum
441 1102 628 1136 fabularum
652 1103 803 1137 rationes
826 1104 913 1137 duas
934 1103 1118 1137 habebant.
1161 1104 1233 1137 Aut
1256 1104 1348 1136 enim
1371 1103 1482 1138 fuisse
1505 1104 1641 1148 quidem
1664 1104 1749 1138 alias
1775 1103 1855 1136 olim
1882 1103 1953 1136 lovi
1986 1105 2111 1146 nuptas
2139 1100 2238 1145 profi-

228 1174 403 1213 tebantur,
427 1174 492 1207 sed
515 1177 640 1218 postea
666 1174 848 1215 dimissas,
869 1180 928 1210 aut
949 1188 994 1210 ne
1017 1176 1129 1209 fuisse
1152 1175 1288 1219 quidem
1311 1177 1390 1211 illas
1412 1188 1537 1210 uxores
1560 1177 1750 1221 legitimas,
1773 1175 1839 1210 sed
1864 1175 2023 1219 pellicum
2045 1173 2123 1207 loco
2149 1183 2238 1205 ama-

229 1249 302 1285 tas,
331 1247 454 1290 quales
484 1257 637 1286 amores,
667 1247 760 1281 sicut
788 1247 874 1281 inter
905 1246 1063 1282 homines
1085 1247 1197 1282 nullae
1219 1247 1320 1293 leges
1342 1249 1523 1289 vetabant,
1555 1249 1602 1283 ita
1632 1249 1664 1282 in
1688 1248 1755 1282 diis
1780 1258 1918 1291 quoque
1941 1257 2007 1280 non
2031 1253 2239 1289 magnopere

228 1318 319 1353 illius
340 1322 464 1354 aetatis
484 1321 617 1355 animos
632 1319 807 1354 offendere
822 1320 981 1365 potuisse
999 1320 1102 1355 facile
1120 1324 1272 1366 apparet.
1318 1320 1470 1367 Utraque
1487 1323 1571 1356 ratio
1594 1333 1615 1356 a
1635 1311 1859 1355 nobilioribus
1882 1319 2012 1365 poetis,
2035 1322 2071 1352 et
2096 1327 2238 1361 quorum

227 1393 376 1427 carmina
398 1392 523 1428 ceteris
546 1404 608 1438 pro
628 1392 786 1439 exemplo
811 1396 932 1427 essent
957 1395 994 1427 et
1020 1393 1119 1438 quasi
1146 1393 1234 1427 viam
1262 1394 1455 1440 praeirent,
1483 1395 1593 1429 ascita
1624 1398 1660 1429 et
1687 1394 1732 1429 ad
1763 1396 1927 1441 posteros
1955 1393 2146 1438 propagata
2167 1392 2236 1423 est.

228 1463 383 1497 Alteram
405 1464 577 1498 Homerus
600 1467 774 1509 sequitur,
796 1465 854 1508 qui
877 1476 979 1508 quum
1002 1463 1118 1498 lovem
1139 1466 1254 1499 statim
1278 1466 1535 1500 adolescentem
1552 1479 1628 1500 cum
1646 1467 1774 1500 lunone
1788 1465 1943 1510 copulet,
1970 1466 2107 1497 ceteras
2131 1460 2238 1494 videri

228 1535 332 1570 debet
353 1548 417 1582 pro
441 1536 625 1583 pellicibus
649 1537 830 1571 habuisse:
855 1535 996 1570 alteram
1018 1535 1196 1571 Hesiodus
1218 1537 1399 1582 amplexus
1427 1542 1504 1579 est,
1528 1538 1619 1585 apud
1641 1549 1741 1584 quem
1758 1537 1920 1572 lunonem
1939 1535 2068 1580 Iupiter
2092 1532 2238 1566 omnium

226 1613 434 1656 postremam
458 1610 491 1644 in
515 1610 762 1644 matrimonium
784 1609 896 1649 (lucit,
925 1619 1035 1654 neque
1065 1608 1192 1644 liberos
1221 1613 1347 1656 postea
1373 1622 1418 1646 ex
1447 1611 1525 1647 aliis
1555 1611 1689 1646 deabus
1718 1613 1896 1658 procreat,
1926 1611 2165 1655 praeterquam
2194 1615 2237 1638 ex

226 1682 322 1716 Maia
343 1683 562 1717 Mercurium.
609 1682 682 1715 Sed
704 1682 791 1715 haec
816 1682 967 1715 Atlantis
990 1681 1073 1721 filia,
1096 1681 1204 1727 Iapeti
1227 1684 1362 1728 neptis,
1384 1685 1528 1718 minoris
1552 1684 1644 1718 haud
1666 1684 1770 1717 dubie
1794 1682 1974 1727 dignitatis
2000 1679 2236 1721 inferiorisque

225 1755 290 1789 loci
313 1767 397 1789 esse
420 1756 618 1795 videbatur,
642 1754 864 1800 quam-illae,
888 1765 976 1798 quae
996 1758 1076 1788 ante
1099 1755 1262 1789 lunonem
1287 1756 1358 1790 lovi
1382 1761 1588 1802 nupserant,
1610 1761 1648 1791 ut
1669 1757 1798 1791 Maiam
1822 1755 1960 1801 quidem
1980 1753 2138 1800 pellicem
2157 1750 2233 1784 eius

227 1829 347 1864 haberi
370 1830 448 1864 sine
472 1829 590 1863 iniuria
613 1828 749 1867 liceret,
772 1827 850 1861 illas
872 1831 988 1861 autem
1009 1828 1171 1862 maiorum
1193 1830 1347 1873 gentium
1372 1829 1459 1864 deas
1481 1842 1629 1864 necesse
1645 1834 1745 1865 esset
1761 1841 1886 1864 uxores
1907 1827 2097 1873 legitimas,
2121 1834 2234 1869 quam·

227 1904 282 1937 vis
306 1914 387 1937 mox
409 1902 575 1936 dimissas
598 1899 701 1934 credi.
727 1918 763 1924 —
811 1898 972 1933 Ceterum
995 1899 1148 1934 ordinem
1171 1912 1309 1946 quoque
1332 1903 1367 1936 in
1390 1902 1632 1938 enumerandis
1655 1906 1792 1948 septem
1812 1901 1906 1936 lovis
1929 1899 2088 1935 uxoribus
2113 1896 2233 1932 Hesio—

226 1975 294 2010 dus
316 1987 393 2010 eum
416 1975 590 2021 sequitur,
613 1984 713 2019 quem
735 1983 800 2006 non
824 1983 908 2006 casu
933 1983 974 2006 ac
993 1975 1140 2014 temere,
1168 1973 1235 2009 sed
1257 1974 1417 2021 prudenti
1440 1975 1584 2011 consilio
1608 1976 1801 2012 institutum
1823 1987 1904 2011 esse
1926 1973 2027 2010 facile
2049 1969 2234 2015 intelligas.

226 2047 314 2082 Nam
327 2047 468 2082 deorum
485 2046 725 2091 hominumque
748 2043 954 2078 moderatori
977 2046 1058 2077 ante
1080 2045 1192 2080 omnia
1213 2046 1428 2092 prudentiam
1450 2047 1580 2082 adesse
1603 2049 1801 2095 oportebat,
1825 2059 1891 2093 quo
1913 2047 2069 2081 ordinare
2091 2053 2235 2088 regnum

226 2124 262 2154 et
283 2122 437 2156 stabilire
458 2121 593 2167 posset.
638 2117 736 2151 Hanc
771 2117 815 2149 ob
851 2126 990 2149 causam
1023 2116 1175 2157 Metin,
1209 2117 1242 2151 h.
1268 2130 1298 2151 e.
1329 2119 1415 2152 nibil
1436 2119 1529 2153 aliud
1552 2131 1653 2165 quam
1677 2121 1909 2167 prudentiam,
1930 2119 2071 2164 primam
2093 2125 2235 2149 uxorem

228 2191 339 2235 capit,
376 2202 525 2236 moxque
562 2191 664 2225 etiam
703 2190 852 2235 penitius
889 2188 958 2223 sibi
992 2188 1131 2234 copulat
1167 2202 1208 2225 ac
1243 2194 1350 2225 totam
1385 2192 1488 2236 plane
1516 2192 1668 2233 imbibit,
1705 2205 1773 2237 quo
1806 2193 1895 2228 sacto
1924 2191 2135 2229 Minervam,
2162 2199 2235 2223 ma-

226 2264 347 2297 ternae
382 2266 615 2309 paternaeque
652 2261 856 2308 prudentiae
892 2260 1094 2307 participem
1133 2273 1175 2297 ac
1217 2263 1425 2304 ministram,
1468 2263 1512 2299 de
1547 2276 1612 2299 suo
1652 2266 1730 2311 ipse
1772 2265 1883 2311 capite
1918 2265 2084 2309 procreat.
2150 2259 2235 2295 Pro·

225 2334 318 2369 xima
353 2335 522 2372 Themis
558 2336 687 2378 est⁶⁸)‚
725 2333 792 2369 dea
828 2334 979 2370 iustitiae
1014 2344 1080 2369 seu
1115 2334 1204 2380 legis
1239 2339 1400 2373 aeternae
1434 2341 1537 2384 atque
1575 2338 1813 2379 immutabilis,
1850 2348 1917 2383 qua
1945 2347 2059 2372 rerum
2085 2334 2234 2369 omnium

225 2411 379 2441 naturam
420 2410 548 2454 pariter
587 2420 629 2443 ac
671 2409 775 2442 vitam
817 2407 991 2440 hominum
1033 2408 1108 2452 regi
1147 2412 1291 2454 oportet.
1355 2410 1467 2444 Huius
1503 2411 1595 2457 legis
1640 2412 1766 2445 virtute
1801 2422 1904 2456 quum
1946 2414 2139 2455 temporum
2177 2419 2233 2440 va-

225 2480 366 2515 rietates
402 2482 557 2526 coelique
592 2481 836 2516 mutatationes
876 2485 972 2516 recto
1009 2481 1126 2516 ordine
1171 2483 1482 2528 convenienterque
1518 2487 1555 2519 et
1596 2484 1808 2519 concorditer
1841 2482 2053 2529 procedunt,
2092 2484 2164 2515 tum
2198 2479 2232 2512 in

227 2551 400 2586 hominum
447 2552 617 2589 societate
654 2553 708 2587 ius
745 2551 866 2598 sasque
896 2555 932 2588 et
966 2552 1147 2588 concordia
1174 2553 1311 2600 vigent,
1348 2553 1383 2589 id
1421 2555 1513 2601 quod
1549 2556 1761 2602 significatur
1789 2554 1921 2591 Horis
1956 2554 2067 2590 tribus
2094 2563 2117 2586 ⁸
2153 2549 2233 2584 10Υο

252 2719 308 2758 68)
347 2719 374 2748 Δ
394 2718 529 2748 Pindaro
548 2719 632 2750 hauc
651 2722 786 2760 primam
806 2721 892 2752 Iovis
912 2730 1043 2752 uxorem
1063 2719 1207 2750 habitam
1233 2730 1303 2750 ene
1322 2730 1360 2750 ex
1380 2722 1488 2761 hymn.
1512 2723 1553 2752 fr.
1578 2725 1599 2752 2
1618 2734 1651 2762 p.
1672 2725 1730 2752 561
1755 2723 1896 2753 Boeckh.
1921 2719 2046 2751 coniicit
2066 2718 2183 2748 Caesar
2206 2717 2238 2746 in

343 2772 452 2804 Diui-u.
469 2772 589 2813 antiqu.
610 2776 686 2806 1843
706 2787 737 2815 p.
759 2777 829 2807 405.
869 2775 933 2808 Sed
952 2773 1170 2816 interpretatio
1191 2773 1279 2805 illius
1299 2774 1473 2816 fragmenti
1492 2787 1553 2808 uon
1574 2777 1653 2809 sati·
1673 2781 1760 2810 certa
1779 2782 1836 2809 est.
