2466 3210
1055 128 1345 171 —13—

196 243 298 279 Croni
321 256 445 286 uxore,
475 244 516 280 Il.
541 243 640 285 xlv,
664 243 742 280 203.
763 245 845 285 XV,
870 244 954 285 187,
978 244 1060 279 nihil
1085 256 1152 279 nec
1179 245 1300 289 negari
1328 254 1444 288 neque
1473 243 1630 278 affirmari
1660 248 1790 290 potest.
1841 244 1898 278 De
1925 245 2086 290 reliquis,
2115 256 2206 289 quos

193 315 371 353 Hesiodus
407 319 589 358 memorat,
626 316 755 359 Coeo,
805 317 921 359 Crio,
959 316 1053 363 Hyp
1063 315 1225 358 erione,
1262 328 1351 351 unus
1380 314 1580 362 Hyperion,
1613 317 1766 362 itemque
1798 316 1843 351 de
1870 318 2049 352 sororibus
2072 328 2203 358 eorum,

192 389 390 429 Phoebe,
412 388 535 430 Thia,
561 389 863 437 Mnemosyne,
887 385 1207 430 Themide,'una
1228 386 1372 423 Themis
1394 387 1440 423 ab
1453 386 1603 424 Homero
1621 389 1825 424 nominatur.
1874 388 1948 423 Sed
1968 389 2202 436 Hyperionem

192 461 272 496 huic
294 472 362 495 nou
383 460 558 499 diversum
581 474 603 497 a
627 462 712 497 Solo
733 473 817 498 esse
840 466 991 503 constat,
1019 463 1118 497 cuius
1148 460 1239 507 apud
1253 460 1445 495 Hesiodum
1467 463 1566 507 pater
1587 461 1715 504 est²⁹):
1762 460 1909 496 Themis
1934 464 1969 495 et
1990 462 2023 495 in
2047 461 2200 508 Olympo

191 534 278 570 deos
301 534 346 570 ad
368 534 548 570 concilium
570 534 663 570 lovis
686 536 784 572 iussu
806 539 988 577 convocat,
1011 535 1050 571 ll.
1075 535 1166 576 XX,
1188 535 1229 576 4,
1260 537 1296 569 et
1320 533 1494 570 homiuum
1517 534 1553 568 in
1574 534 1674 569 terris
1698 534 1922 569 concionibus
1946 539 2105 581 praeest,
2127 535 2197 571 od.

190 606 239 647 11,
261 607 314 642 68.
360 606 463 648 Quod
489 618 592 652 quum
615 607 759 643 Titanes
782 620 804 643 a
825 608 907 643 love
932 609 966 643 iu
989 607 1130 643 Tartaro
1152 607 1275 642 inclusi
1296 608 1380 648 siut,
1402 607 1440 642 ll.
1458 606 1556 647 XIV,
1579 605 1645 640 279
1666 606 1708 640 cl.
1730 605 1808 646 203,
1833 606 1915 648 XV,
1941 606 2021 648 225,
2045 611 2200 643 neutrum

189 682 224 715 in
247 680 305 714 his
328 680 466 725 quidem
490 681 585 716 Iovis
606 682 816 716 adversariis
838 682 1007 716 numerari
1028 692 1137 727 posse
1168 684 1312 726 apparet
1322 681 1385 724 ³⁰),
1413 681 1622 724 omninoque
1652 690 1696 713 au
1720 678 1903 714 Titanibus
1931 681 2098 716 accensiti
2119 681 2200 720 sint,

188 754 354 789 incertum
377 757 443 789 est.

328 866 467 902 Fratres
491 866 652 902 Titanum
676 868 769 915 apud
793 868 984 904 Hesiodum
1016 868 1190 916 Cyclopes
1228 870 1325 908 sunt,
1353 868 1527 915 Βρόντης,
1563 868 1761 914 Στερόπης,
1789 865 1936 914 Ἄργης,
1973 868 2195 908 Tonitrus,

184 939 439 986 Fulgetrus,
463 939 700 982 coruscus,
724 953 863 987 quorum
886 945 1040 977 naturam
1064 953 1165 987 quum
1190 942 1269 988 ipsa
1294 944 1433 978 nomina
1455 944 1545 978 satis
1568 942 1761 982 declarant,
1784 946 1854 976 tum
1877 945 1982 987 poeta
2003 953 2036 975 v.
2053 941 2113 975 141
2135 940 2194 975 de-

183 1017 368 1054 monstrat,
401 1013 540 1048 fulmina
562 1014 606 1047 ab
630 1014 672 1048 iis
695 1014 767 1048 Iovi
791 1014 956 1049 fabricata
981 1026 1065 1049 esse
1092 1014 1224 1049 dicens.
1271 1015 1344 1049 Sed
1371 1015 1428 1050 his
1457 1015 1639 1051 admodum
1670 1014 1860 1050 dissimiles
1881 1014 2050 1049 Homerus
2073 1012 2193 1059 Cyclo-

182 1099 248 1133 pes
273 1086 475 1131 inducit31),
501 1086 831 1134 Polyphemum,
861 1088 1024 1133 Neptuno
1047 1091 1082 1122 et
1107 1087 1266 1128 Thoosa,
1288 1087 1415 1123 Phorci
1436 1089 1521 1129 filia,
1545 1092 1678 1129 natum,
1701 1088 1857 1133 aliosque
1882 1087 1984 1121 huius
2006 1087 2135 1121 vicinos
2156 1086 2192 1120 iu

183 1159 387 1195 occidentali
409 1159 555 1205 quadam
577 1164 683 1202 terra,
706 1161 868 1197 mortales
894 1162 1062 1196 immanes
1083 1164 1187 1206 atque
1208 1161 1437 1207 agrestesss),
1472 1162 1627 1207 iurisque
1656 1173 1697 1196 ac
1719 1161 1832 1206 legum
1855 1162 2018 1206 expertes
2045 1163 2081 1194 et
2100 1158 2192 1194 nulla

181 1234 269 1267 inter
291 1244 333 1267 se
355 1234 524 1267 societate
545 1234 767 1274 coniunctos,
789 1233 944 1278 nihilque
959 1245 1035 1267 cum
1050 1233 1238 1268 Hesiodeis
1261 1233 1329 1268 illis
1352 1237 1487 1279 praeter
1507 1245 1630 1268 nomen
1646 1244 1824 1267 commune
1849 1232 2031 1271 habentes,
2053 1230 2191 1265 ductum

180 1305 262 1340 illud
285 1306 329 1339 ab
353 1305 461 1340 oculis
484 1305 653 1346 rotundis,
678 1317 766 1350 quos
789 1306 922 1351 utrique
948 1306 980 1340 in
1010 1305 1121 1341 sronte
1147 1310 1270 1352 gerunt
1291 1306 1498 1353 singulares.
1543 1306 1633 1341 Nam
1657 1307 1749 1351 quod
1775 1305 1984 1340 Klausenius
1994 1305 2038 1346 33)
2061 1303 2189 1338 Home-

180 1380 271 1412 ricos
303 1377 476 1424 Cyclopes
504 1390 549 1413 ex
578 1378 646 1413 illis
684 1378 802 1413 alteris
837 1379 937 1424 quasi
974 1378 1123 1413 diffictos
1158 1390 1179 1413 a
1212 1379 1328 1425 poetis
1366 1382 1401 1414 et
1431 1379 1644 1414 deformatos
1677 1391 1761 1414 esse
1790 1379 1876 1419 vult,
1912 1380 1971 1412 vix
2005 1377 2188 1423 quisquam

178 1452 245 1486 sibi
273 1451 474 1498 persuaderi
503 1451 673 1497 patietur,
704 1455 738 1486 et
770 1452 802 1486 si
835 1452 888 1486 cui
919 1450 1082 1486 credibile
1111 1451 1176 1491 sit,
1212 1452 1353 1498 stirpem
1381 1456 1494 1487 tamen
1525 1452 1713 1499 Cyclopum
1743 1451 1995 1487 Hesiodeorum
2018 1451 2063 1485 ab
2085 1450 2188 1484 unius

178 1529 272 1560 certe
294 1524 503 1571 Polyphemi
524 1543 565 1550 —
587 1536 664 1559 nam
687 1524 732 1559 de
754 1526 880 1561 ceteris
900 1524 1071 1561 Homerus
1094 1529 1202 1567 tacet,
1229 1544 1273 1550 -
1300 1525 1403 1572 plane
1425 1526 1596 1562 diversam
1623 1538 1707 1562 esse
1730 1524 1899 1560 videmus.
1946 1523 2050 1560 Unde
2072 1526 2188 1559 autem

200 1712 256 1750 29)
298 1709 355 1739 Od.
377 1709 453 1745 ΧΠ,
483 1712 556 1744 176,
586 1719 647 1748 quo
668 1719 728 1738 uno
749 1710 819 1739 loco
840 1710 896 1740 Sol
915 1720 976 1741 uou
995 1708 1144 1751 Ὑπερίων
1169 1711 1225 1741 sed
1249 1708 1456 1749 ’Τπεριονίδης
1482 1710 1617 1747 dicitur,
1645 1711 1725 1740 sutis
1746 1713 1869 1740 constat
1896 1709 1936 1739 ab
1964 1708 2186 1747 interpolatore

294 1773 374 1795 esse.
392 1780 433 1786 —-
472 1763 638 1801 Lunum,
661 1773 741 1803 quse
761 1764 844 1803 apud
864 1764 1039 1796 Hesiodum
1057 1766 1249 1806 Hyperionis
1267 1766 1356 1803 filia,
1377 1766 1462 1796 Solis
1482 1776 1572 1796 soror
1591 1769 1656 1802 est,
1679 1766 1718 1795 ab
1739 1766 1880 1795 Homero
1898 1771 2050 1801 nusquam
2070 1761 2102 1791 in
2120 1760 2184 1791 diis

294 1817 453 1848 numerari
473 1818 536 1846 ium
557 1818 672 1847 dudum
696 1818 751 1847 ulii
773 1820 987 1849 observarunt.

200 1874 255 1912 30)
295 1872 400 1902 Etiam
423 1871 504 1909 apud
526 1870 719 1907 Hesiodum,
741 1871 885 1910 quumvis
904 1873 1055 1903 Titanum
1075 1883 1188 1904 nomen
1209 1876 1354 1905 omnibus
1374 1875 1405 1905 in
1425 1874 1607 1904 universum
1636 1874 1716 1903 filiis
1736 1873 1833 1903 Uraui
1861 1873 1968 1902 datum
1988 1872 2047 1907 sit,
2078 1875 2181 1901 umen

292 1936 393 1965 neque
413 1926 591 1961 Oceanum,
612 1934 713 1963 neque
733 1925 879 1964 Tethyn,
901 1936 1002 1964 neque
1022 1927 1164 1964 Rheam,
1186 1929 1396 1965 Themidem,
1424 1929 1648 1967 Mnemosynen
1669 1929 1700 1958 in
1721 1928 1779 1964 iis,
1813 1938 1890 1966 quos
1910 1926 2029 1964 Iupiter
2048 1924 2079 1954 in
2099 1923 2180 1953 Tar-

291 1986 394 2010 turum
415 1977 585 2012 deiecerit,
614 1977 749 2016 eogitari
771 1989 863 2016 posse
883 1984 1029 2018 apparet:
1050 1985 1082 2010 et
1103 1982 1208 2019 plures
1221 1983 1358 2021 utique,
1387 1993 1481 2022 quum
1509 1983 1583 2012 illos
1604 1982 1770 2012 duodecim
1791 1981 1886 2011 Ursni
1907 1980 2043 2016 liberos,
2068 1979 2098 2008 iu
2120 1977 2179 2007 Ti-

289 2041 398 2066 tanum
418 2042 547 2062 numero
569 2033 608 2061 ub
631 2042 668 2061 eo
689 2033 816 2063 habitus
837 2045 922 2072 esse,
952 2044 988 2063 ex
1010 2034 1254 2066 titanomnchine
1274 2037 1483 2076 descriptione
1503 2037 1708 2067 manifestum
1729 2038 1775 2067 fit.
1818 2037 1885 2067 ud.
1907 2045 1987 2074 quse
2005 2034 2069 2064 hae
2086 2032 2124 2061 de
2143 2040 2179 2060 rs

290 2090 376 2119 dicta
394 2090 467 2116 suut
486 2086 518 2115 in
538 2085 620 2115 nis..
642 2086 681 2115 de
701 2087 807 2118 Titan.
829 2088 905 2117 nen.
924 2098 954 2128 p.
976 2090 1015 2118 29
1034 2098 1100 2128 sqq.

194 2148 249 2186 31)
291 2145 348 2175 Od.
367 2143 400 2178 1,
421 2144 469 2171 71.
488 2142 549 2177 lx,
574 2144 630 2170 106
650 2151 715 2179 sqq.

194 2202 249 2241 32)
289 2196 490 2229 Immortulcs
517 2194 619 2225 fuisse
638 2195 829 2225 Klausenius
857 2196 940 2234 (Die
959 2197 1138 2228 Abenteuer
1158 2198 1212 2228 des
1233 2199 1412 2239 Odyssean,
1439 2211 1468 2240 p.
1490 2200 1536 2239 7.)
1562 2199 1676 2231 statuit
1697 2203 1878 2239 propterea,
1907 2198 1990 2239 qued
2014 2194 2179 2236 Polypho-

289 2263 362 2285 mus
387 2250 638 2281 crudelissimum
670 2250 754 2280 oculi
783 2251 984 2281 effossionem
1010 2253 1104 2282 vivus
1132 2255 1312 2291 pertulerit:
1346 2265 1438 2293 quum
1467 2256 1623 2285 rationem
1648 2263 1742 2283 nemo
1771 2254 1929 2293 praeferet
1954 2253 2031 2282 satis
2057 2251 2178 2281 uicem

286 2309 428 2348 ipsorum
450 2305 623 2344 Cyelopum
645 2305 845 2342 testimonio,
866 2316 961 2344 quum
982 2311 1135 2346 quaerunt
1155 2317 1192 2336 ex
1212 2308 1409 2347 Polyphemo
1430 2309 1488 2338 od.
1507 2309 1567 2345 lx,
1588 2312 1663 2338 4062
1691 2304 1711 2348 ἦ
1730 2309 1775 2349 μή
1807 2319 1852 2340 τις
1876 2306 2004 2340 σἀὖτὶν
2028 2306 2179 2337 κτείνοι

287 2360 366 2399 δόλῳ
386 2356 421 2400 ἠὲ
441 2361 542 2399 βίῃφι.
584 2359 692 2398 Neque
721 2369 794 2389 vero
815 2360 1002 2390 mirabimur
1021 2362 1203 2398 mortalem,
1231 2363 1353 2392 duobus
1374 2364 1555 2402 parentibus
1583 2364 1825 2394 immortalibus.
1863 2364 1942 2393 Nam
1962 2361 2062 2391 huius
2082 2368 2178 2400 gene-

287 2415 333 2445 ris
354 2414 499 2452 exempla
526 2412 558 2441 in
578 2412 700 2442 fabulis
721 2415 882 2452 complura
902 2419 991 2451 sunt,
1018 2415 1107 2444 velut
1128 2415 1275 2453 Medusa,
1303 2417 1418 2446 Phorci
1445 2422 1478 2447 et
1497 2417 1594 2447 Cetus
1614 2418 1684 2448 filiu
1697 2440 1705 2454 ‚
1734 2427 1827 2456 quum
1854 2416 1982 2456 quidem
2008 2413 2174 2445 mortalem

287 2478 358 2499 esse
388 2476 426 2497 eo
455 2466 560 2507 magis
583 2467 725 2504 mireris,
755 2468 837 2506 quod
869 2468 950 2498 dune
975 2477 1100 2497 sorores
1126 2480 1311 2509 germanae,
1338 2471 1457 2501 Stheno
1485 2478 1518 2501 et
1545 2472 1700 2511 Euryale,
1728 2472 1924 2501 immortales
1945 2475 2029 2500 sunt.
2069 2467 2174 2497 Etiam

283 2522 359 2552 illos
379 2521 549 2551 fulminum
571 2521 781 2552 fabricatores
801 2521 955 2561 Cyclopes
975 2523 1202 2562 posterioribus
1221 2524 1323 2563 poetis
1343 2535 1402 2555 non
1423 2525 1618 2556 immortales
1634 2526 1734 2556 fuisse
1753 2531 1863 2555 notum
1879 2530 1946 2556 est:
1968 2525 2062 2562 idque
2077 2522 2174 2552 etism

284 2575 490 2615 theogonium
511 2575 623 2606 testari
642 2576 752 2606 Crates
772 2576 876 2607 voluit
895 2577 1013 2607 inserto
1034 2586 1146 2614 versu,
1174 2578 1228 2617 qui
1248 2589 1327 2609 nunc
1347 2580 1466 2619 legitur
1485 2580 1516 2610 in
1539 2580 1728 2620 Goettlingii
1749 2581 1888 2611 editione
1914 2577 1947 2611 οἱ
1967 2578 1992 2610 δ’
2004 2578 2035 2614 ἔξ
2054 2575 2174 2607 ‹ionad-

286 2640 348 2661 των
367 2631 479 2667 θνητοὶ
500 2629 615 2670 τράφεν
634 2628 811 2670 αὑδῆεντες,
839 2631 878 2660 de
903 2641 966 2670 quo
992 2631 1035 2661 cf.
1059 2631 1282 2662 Markscheffel
1311 2644 1342 2672 p.
1374 2636 1429 2663 12⁴!
1451 2638 1483 2663 et
1509 2644 1566 2663 nos
1593 2634 1623 2663 in
1647 2634 1754 2664 Dium.
1776 2636 1896 2674 antiqu.
1917 2636 2002 2664 1825.
2026 2631 2135 2668 Suppl.
2154 2633 2174 2659 2

281 2693 332 2716 no.
351 2686 389 2715 21
433 2705 441 2713 .
461 2685 528 2714 162.

187 2742 242 2780 33)
281 2740 318 2770 L.
339 2739 360 2768 Ι.
380 2693 451 2776 p.P2
470 2747 536 2776 sqq.
575 2738 706 2768 Vossius
726 2742 849 2776 sutem,
877 2739 985 2769 sched-
1007 2738 1076 2770 crit.
1099 2740 1131 2770 11
1150 2750 1181 2779 p.
1202 2743 1280 2778 ³82,
1307 2741 1441 2771 Hesiodi
1461 2742 1615 2783 Cyclopes
1642 2753 1680 2773 ex
1700 2743 1875 2783 Arimaspis
1896 2740 2052 2772 fabulo-is
2073 2739 2175 2780 origi-

281 2804 351 2825 nem
371 2791 523 2824 habuisse
541 2792 731 2832 suspicatur.
