2466 3210
1049 69 1387 147 .—6—

421 223 475 257 Ac
496 222 643 268 primum
667 218 805 267 quidem
829 218 874 253 de
899 230 1012 256 rerum
1035 222 1186 256 omnium
1209 221 1342 267 origine
1365 231 1409 255 eo
1432 220 1522 256 inter
1542 231 1585 256 se
1606 220 1827 267 discrepant,
1851 219 1945 267 quod
1967 230 2073 266 qum
2093 218 2268 256 nomem

230 294 450 328 oceanum
479 305 564 328 esse
592 294 704 334 dicat,
738 292 850 338 ὅσπερ
878 292 1011 340 γένεσις
1046 294 1214 329 πάντεσσι
1244 292 1453 336 thomna),
1476 291 1656 327 Hesiodus
1679 296 1802 329 contra
1827 293 1975 339 primum
2004 291 2137 328 chaos
2157 291 2269 329 fulsse

232 368 353 407 docet,
386 366 479 410 quod
509 367 671 411 equidem
701 378 766 401 nec
795 367 841 401 de
875 379 983 411 aqua,
1014 379 1090 401 cum
1122 367 1298 401 veteribus
1332 365 1535 411 quibusdam
1545 366 1592 408 ⁸),
1628 375 1743 411 neque
1770 377 1853 400 vero
1882 366 1927 401 de
1953 367 2071 414 spatio
2095 377 2204 402 vacuo
2232 369 2269 402 et

231 441 341 480 inani,
374 440 666 484 quemadmodum
688 444 724 474 et
748 441 924 475 veteribus
953 440 1124 475 nonnullis
1153 444 1190 474 et
1215 440 1464 474 recentioribus
1490 439 1669 484 plerisque
1700 440 1812 474 visum
1841 439 1956 480 esst),
1986 439 2052 473 sed
2081 439 2127 473 de
2158 439 2271 485 prima

234 511 383 559 quadam
406 512 552 549 materia
574 512 871 560 interpretandum
895 513 1054 553 arbitror,
1077 524 1244 558 corporea
1267 512 1408 557 quidem
1431 512 1507 553 illa,
1531 512 1597 547 sed
1619 514 1714 547 tenui
1739 518 1776 548 et
1797 513 2004 559 penetrabili
2030 512 2076 546 ad
2097 515 2190 547 aeris
2210 517 2270 547 ant

231 585 379 619 nebulae
411 586 536 624 instar,
576 594 680 629 quum
711 586 917 631 praesertim
951 584 995 620 de
1025 595 1106 619 aere
1138 582 1221 619 illud
1251 594 1376 619 nomen
1410 585 1514 620 etiam
1545 596 1566 620 a
1593 583 1847 631 posterioribus
1876 583 1993 631 poetis
2021 594 2268 630 nonnunquam

231 662 433 702 usurpatum
456 658 557 698 siff),
580 664 770 701 propterea
792 660 926 691 scilicet
949 657 1040 701 quod
1063 667 1123 689 aer
1143 656 1294 700 undique
1316 659 1417 701 patet
1439 660 1475 689 et
1490 657 1720 703 penetrabilis
1742 659 1816 697 est,
1841 659 1877 691 et
1890 665 2018 702 capere
2032 655 2270 703 omniaposuo

234 731 378 765 videtur.
425 730 539 764 Etiam
566 729 780 764 Phoeniciae
811 732 1053 774 cosmogoniae
1082 731 1271 773 interpres,
1302 739 1404 772 quem
1428 729 1607 763 Eusebius
1637 735 1812 763 auctorem
1836 729 1992 773 sequitur
2013 739 2132 774 praep.
2155 739 2213 761 eu.
2242 727 2268 766 1,

234 799 294 844 10,
318 813 434 839 aerem
458 800 555 838 illum
586 800 836 849 caliginosum,
870 798 953 847 σῖἑρα
976 799 1120 847 ζοφώδη
1151 799 1210 836 καὶ
1248 801 1501 847 πνευματώδη,
1544 803 1636 838 unde
1661 815 1773 838 rerum
1803 804 1900 837 initia
1921 806 1997 836 orta
2018 805 2158 840 essent,
2188 800 2270 844 χάος

230 876 479 921 interpretatus
504 879 562 910 est
583 874 741 921 θολερὸν
763 873 822 910 καὶ
846 874 1030 922 ἐρεβώδεςε
1061 874 1214 921 itemque
1237 873 1467 921 Orphicorum
1497 874 1537 916 ii,
1571 875 1629 922 qui
1658 880 1740 924 post
1774 873 1918 921 Χρόνον
1940 888 1972 911 s.
1996 878 2135 921 tempus
2159 872 2269 908 infini-

231 952 301 981 tum
336 959 450 982 rerum
481 950 653 995 principia
683 953 873 994 posuerunt
903 949 1042 983 aethera
1072 952 1108 982 et
1137 947 1263 988 cba05,
1291 948 1357 982 hoc
1385 947 1493 982 chaos
1516 959 1583 982 non
1614 950 1766 996 spatium
1796 949 1897 984 inane
1934 948 2096 995 omnique
2125 945 2270 981 materia

232 1033 399 1061 vacuum,
426 1022 492 1057 sed
517 1023 680 1058 nebulam
703 1022 872 1067 quandam
896 1023 1141 1066 caliginosam,
1179 1022 1393 1056 σκοτόεσσαν
1417 1021 1580 1065 ὁμίχλην,
1607 1034 1692 1056 esse
1719 1024 1919 1061 voluerunt,
1941 1023 2076 1056 aetheri
2099 1020 2211 1054 lucido
2234 1023 2270 1053 et

280 1208 317 1244 2)
360 1208 397 1236 ll.
421 1208 501 1241 xlv,
522 1210 596 1239 246,
626 1207 664 1236 ad
686 1217 779 1245 quem
802 1208 907 1235 locum
928 1206 1029 1234 schol.
1060 1206 1134 1234 Ven.
1160 1207 1243 1235 hanc
1270 1207 1412 1235 referunt
1442 1207 1612 1244 Porphyrii
1641 1208 1893 1237 annotationem:
1934 1206 2000 1235 ἐπεὶ
2027 1204 2060 1240 ἐξ
2088 1203 2209 1234 ὑδάτων
2237 1215 2271 1233 αι

356 1258 498 1299 αὐξήσεις
518 1257 716 1299 ιῖπάρχουσιν.
757 1257 832 1290 Πῶς
850 1255 997 1289 Ἠσιόδου
1017 1256 1143 1288 πάντων
1161 1257 1285 1298 πρῶτον
1304 1256 1439 1292 εἰπόντος
1460 1258 1644 1301 γεγενῆσθαι
1663 1259 1698 1293 τό
1718 1260 1822 1299 Χάος,
1838 1258 1976 1301 ’Ὅμηρός
1996 1270 2089 1301 φησιν
2106 1256 2270 1295 Ὠκεανόνξ

355 1315 465 1353 ῥητέον
489 1311 543 1346 οὖν
570 1312 619 1345 ὅτι
638 1315 762 1345 ἕκαστος
786 1315 845 1352 μὲν
871 1315 992 1352 εἴρηκεν
1016 1312 1056 1343 αἷς
1076 1313 1234 1352 ἐβούλετο,
1256 1311 1395 1353 “Ὀμηρος
1420 1313 1454 1344 δὲ
1480 1314 1743 1354 φιλοσοφώτερον.
1771 1314 1805 1346 td
1830 1313 1888 1355 γὰρ
1908 1312 1990 1353 ὕδωρ
2008 1313 2134 1344 πάντων
2152 1310 2173 1351 η’
2205 1312 2270 1351 ζωή

351 1373 403 1400 καὶ
419 1372 543 1409 προέχει
558 1367 620 1401 τοῖν
641 1367 797 1408 τεσσάρων
817 1371 984 1406 στοιχείων,
1007 1363 1085 1407 (ὅλα
1106 1363 1141 1398 ὅν
1160 1368 1231 1398 add.
1253 1369 1320 1399 sch.
1339 1369 1378 1399 D.
1400 1370 1432 1400 h.
1453 1380 1480 1400 e.
1500 1368 1605 1400 πάντα
1626 1366 1692 1408 ὅν,)
1712 1366 1789 1401 ὅθεν
1810 1374 1862 1400 καὶ
1877 1367 2033 1407 Πίνδαρος
2052 1364 2175 1407 ἄριστον
2195 1362 2270 1398 αὐτό

354 1436 455 1463 φησιν.
476 1440 515 1446 -
556 1426 591 1453 ln
612 1425 723 1453 eodem
744 1423 857 1451 Iliadis
878 1424 961 1451 libro
983 1433 1012 1451 v.
1030 1425 1090 1451 202
1111 1421 1256 1451 Oceanus
1276 1421 1361 1452 θεῶν
1380 1425 1491 1461 γένεσις
1512 1423 1643 1458 dicitur,
1666 1424 1748 1462 quod
1770 1424 1889 1453 rectius
1909 1425 2069 1462 γενέτορα,
2093 1431 2164 1450 cum
2183 1426 2270 1450 vete-

354 1478 460 1515 ribus,
489 1477 786 1517 interpretabimur,
817 1487 912 1516 quam
941 1487 1011 1506 cum
1034 1475 1164 1513 Vossio,
1193 1476 1300 1507 sched.
1327 1477 1396 1508 crit.
1425 1478 1476 1514 11,
1506 1489 1536 1517 p.
1566 1480 1635 1508 359.
1664 1481 1740 1516 ³61,
1769 1478 1850 1508 nihil
1879 1478 1965 1508 aliud
1995 1477 2057 1506 nisi
2084 1482 2198 1506 natos
2225 1476 2270 1505 ad

353 1533 507 1562 Oceani
536 1533 665 1570 ripam
694 1532 791 1560 deos
820 1531 999 1569 significari
1021 1531 1195 1559 credemus.
1236 1531 1315 1559 Nam
1337 1532 1377 1558 ab
1398 1531 1541 1565 Oceano,
1570 1536 1605 1560 ut
1626 1532 1730 1560 omnis
1751 1542 1853 1560 rerum
1876 1536 2007 1566 natura,
2037 1531 2083 1559 its
2103 1530 2201 1558 otium
2223 1529 2269 1558 dii

352 1586 415 1618 orti
443 1591 525 1618 sunt.
553 1603 590 1608 —
632 1584 844 1621 Plutarchus,
875 1583 914 1614 de
945 1582 1007 1615 fac.
1036 1583 1067 1615 in
1097 1584 1173 1614 orbe
1201 1584 1264 1615 lun.
1285 1596 1310 1615 c.
1337 1587 1394 1623 25,
1428 1585 1584 1624 superiori
1614 1587 1718 1617 versui
1746 1590 1824 1623 246,
1852 1585 2012 1622 Ὠκεανοῦ,
2040 1582 2133 1623 ὅσπερ
2159 1587 2270 1623 γένεσις

352 1642 499 1672 πάντεσσι
520 1644 679 1674 τέτυκται,
701 1641 839 1668 alterum
859 1639 1063 1667 nubium-tum
1085 1648 1103 1667 a
1120 1639 1247 1667 Cratete
1268 1644 1439 1674 memorat,
1462 1636 1607 1678 ἀνδράσιν
1626 1637 1680 1678 ἠδὲ
1700 1640 1804 1675 θεοῖς,
1825 1637 1945 1679 πολλήν
1964 1636 1989 1669 δ’
1998 1637 2048 1669 ἰπὶ
2068 1640 2160 1679 γαῖαν
2178 1637 2270 1678 ἵησιν,

356 1696 396 1726 ab
414 1695 483 1735 ipso
505 1695 592 1726 haud
613 1693 710 1724 dubie
731 1693 859 1723 cratete
881 1702 1071 1732 procusum,
1094 1704 1185 1732 quem
1208 1693 1383 1723 offenderet
1403 1693 1483 1723 illud
1504 1693 1651 1725 πάντεσσι
1671 1695 1718 1724 sic
1738 1696 1819 1724 nude
1841 1696 1992 1734 positum.
2025 1693 2192 1723 Posterius
2212 1694 2271 1722 he-

353 1749 552 1780 mistichium
574 1749 719 1788 Heynius
741 1754 817 1777 tom.
839 1747 891 1780 vl,
914 1757 943 1785 p.
966 1749 1026 1775 578
1047 1747 1125 1777 mire
1146 1747 1387 1787 interpretatur,
1408 1750 1523 1787 γένεσιν
1542 1749 1580 1778 ad
1601 1747 1667 1788 ἰἠσι
1688 1753 1848 1788 tamqnam
1871 1748 2032 1778 obiectum
2055 1747 2216 1787 suppleri,
2239 1751 2271 1777 et

351 1804 547 1835 adiectivum
573 1802 720 1841 πλείστην
747 1812 818 1831 cum
848 1802 910 1830 hoc
938 1802 1178 1839 supplemento,
1207 1813 1267 1832 non
1297 1813 1368 1832 cum
1396 1805 1489 1841 γαῖαν
1517 1803 1657 1832 construi
1685 1803 1808 1832 iubens.
1854 1804 1956 1832 Immo
1985 1803 2095 1831 Crates
2123 1801 2188 1841 ἵησι
2214 1812 2270 1840 pro

353 1858 555 1889 intransitivo
582 1861 638 1888 aut
657 1856 809 1887 reflexim
831 1855 960 1896 posuit,
982 1856 1021 1886 de
1042 1866 1103 1895 quo
1124 1857 1213 1887 verbi
1234 1867 1294 1886 usu
1316 1856 1396 1886 conf.
1419 1856 1556 1887 Lobeck.
1576 1857 1615 1887 ad
1637 1857 1672 1887 S.
1694 1857 1743 1887 Αἰ.
1766 1866 1797 1886 v.
1816 1859 1892 1892 2⁵0,
1915 1868 1944 1896 p.
1968 1859 2042 1893 189,
2064 1857 2112 1886 ed.
2132 1859 2163 1886 2.

280 1916 315 1951 ³)
358 1913 426 1942 Vid.
448 1913 612 1942 Plutarch.
633 1921 704 1950 aqu.
725 1916 757 1941 et
776 1911 840 1950 ign.
865 1920 968 1950 comp.
989 1921 1016 1939 c.
1037 1914 1070 1947 1,
1094 1916 1168 1941 tom.
1186 1915 1217 1947 5,
1241 1923 1271 1950 p.
1293 1913 1353 1940 422
1379 1912 1523 1940 Tauchn.
1544 1911 1673 1942 Cornut.
1695 1912 1724 1942 d.
1739 1922 1768 1941 n.
1785 1912 1814 1940 d.
1832 1922 1858 1941 c.
1875 1914 1923 1948 17,
1946 1922 1975 1951 p.
1995 1914 2035 1940 85
2065 1911 2118 1941 on.
2164 1912 2270 1943 Iouna.

362 1968 452 1999 Diae.
476 1968 580 2007 Alleg.
601 1967 680 1997 Hes.
703 1977 732 2006 p.
753 1968 812 1997 456
835 1966 938 1996 Gaisf.
978 1966 1087 1996 Schol.
1111 1968 1148 1997 ad
1169 1967 1296 2011 Theog.
1319 1976 1347 1994 v.
1369 1969 1426 1995 116
1446 1971 1478 1995 et
1500 1969 1567 1996 123.
1589 1967 1696 1996 Schol.
1718 1967 1821 2006 Apoll.
1842 1967 1906 1995 Rh.
1926 1967 1959 2002 1,
1982 1969 2052 1997 498.
2074 1967 2272 1996 »tantumn

358 2023 444 2063 lsag.
463 2022 494 2051 in
515 2023 600 2050 Arat.
622 2031 646 2050 c.
671 2024 700 2050 3.

280 2094 315 2132 4)
358 2092 488 2122 Aristot.
509 2092 547 2120 de
575 2091 721 2129 xenoph.
743 2091 816 2119 Zen.
837 2090 935 2129 Gorg.
965 2100 995 2128 p.
1018 2091 1078 2118 976
1103 2089 1202 2118 Bekk.
1241 2090 1340 2128 Phys.
1363 2098 1450 2118 ausc.
1477 2089 1537 2125 w,
1567 2091 1595 2119 1.
1622 2089 1708 2119 Sext.
1727 2090 1849 2130 Empir.
1878 2091 1988 2130 hypot.
2015 2090 2128 2130 Pyrrh.
2148 2090 2215 2127 111,
2241 2093 2271 2122 6.

359 2147 439 2176 Adv.
460 2145 559 2183 Phys.
582 2145 631 2179 11,
657 2147 684 2178 1,
708 2146 755 2172 19.
778 2144 864 2173 Plnt.
887 2144 925 2172 (le
946 2143 988 2174 ls.
1003 2148 1036 2172 et
1046 2142 1128 2172 Osir.
1150 2154 1174 2173 c.
1190 2146 1238 2174 57.
1267 2144 1466 2183 Symposiac.
1489 2144 1525 2180 V,
1548 2146 1577 2179 5,
1599 2154 1625 2173 c.
1644 2147 1673 2174 2.
1696 2144 1832 2184 Lennep.
1853 2146 1891 2175 ad
1914 2146 2024 2185 theog.
2047 2156 2077 2184 p.
2097 2148 2162 2174 1¹19.
2189 2146 2272 2175 lier-

358 2210 460 2231 mann.
485 2200 522 2228 de
545 2198 646 2238 myth.
670 2198 725 2227 Gr.
745 2203 807 2227 ant.
831 2197 964 2236 Opuscc.
984 2196 1032 2234 11,
1056 2199 1124 2226 172.
1150 2215 1185 2220 —-
1206 2197 1402 2228 Lobeckium
1431 2197 1526 2228 aliter
1546 2197 1686 2229 iudicare
1707 2209 1744 2229 ex
1772 2198 1813 2229 iis
1834 2204 1983 2239 apparet,
2016 2210 2098 2238 quae
2123 2200 2162 2230 de
2190 2200 2270 2230 chao

355 2255 489 2283 Hesiodi
510 2255 582 2293 Agl.
603 2264 636 2292 p.
656 2255 717 2281 61³
737 2252 826 2280 dixit.

285 2326 320 2362 5)
363 2324 472 2362 Eurip.
496 2323 535 2353 fr.
556 2335 586 2362 p.
607 2326 676 2353 230.
696 2325 752 2352 231
786 2321 900 2359 Wagn.
944 2321 1106 2359 Aristoph.
1127 2322 1203 2351 Ανν.
1224 2332 1254 2352 v.
1278 2325 1344 2351 192.
1382 2323 1494 2352 Simm.
1516 2323 1547 2352 in
1569 2325 1698 2353 Anthol.
1721 2324 1790 2352 Pal.
1813 2324 1879 2359 XV,
1907 2325 1965 2359 24,
1987 2327 2017 2353 7.
2045 2323 2132 2361 lbyc.
2154 2323 2196 2352 fr.
2219 2326 2269 2360 41,

360 2389 389 2418 p.
412 2380 475 2407 202
496 2376 647 2406 Schneid.
691 2374 843 2414 Bacchyl.
867 2385 916 2415 ap.
941 2375 1040 2406 schol.
1062 2374 1099 2404 ad
1122 2374 1197 2404 nes.
1221 2376 1267 2406 th.
1290 2386 1319 2407 v.
1345 2379 1410 2407 117.
1438 2395 1477 2400 -
1519 2377 1666 2408 Ceterum
1689 2378 1786 2409 etiam
1808 2377 2010 2414 Chalcidius,
2038 2378 2157 2408 saeculi
2184 2391 2214 2419 p.
2237 2380 2271 2409 C.

361 2433 466 2472 quarti
489 2432 643 2469 scriptor,
675 2430 767 2459 cuius
789 2431 1024 2459 conversionem
1047 2435 1079 2459 et
1100 2431 1327 2460 enarrationem
1350 2432 1478 2462 Timaei
1498 2432 1655 2462 Platonici
1677 2433 1834 2461 habemus
1856 2433 1895 2461 ab
1917 2432 1947 2461 J.
1970 2433 2005 2461 A.
2027 2432 2176 2462 Fabricio
2203 2434 2269 2463 edi-

359 2493 425 2518 tum
448 2486 487 2516 ad
511 2485 630 2515 calcem
652 2484 715 2514 vol.
737 2486 758 2513 2
779 2493 909 2523 operum
930 2484 964 2514 S.
986 2484 1172 2524 Hippolyti,
1195 2485 1373 2526 Bamburg.
1397 2490 1490 2524 1718,
1513 2497 1610 2527 quum
1628 2487 1820 2527 theogoniae
1836 2497 1947 2516 versus
1969 2489 2034 2516 116.
2058 2491 2114 2517 117
2134 2488 2166 2518 in
2187 2490 2271 2519 hunc

356 2541 486 2571 modum
508 2539 679 2569 convertit=

761 2592 870 2623 Prima
891 2592 971 2622 haec
992 2598 1041 2624 est
1063 2593 1219 2633 caligo:
1242 2595 1356 2625 dehine
1377 2602 1448 2634 post
1470 2600 1554 2626 terra
1575 2601 1681 2625 creata
1704 2601 1770 2632 est,

760 2646 942 2686 Spirantum
963 2648 1053 2676 sedes
1075 2646 1276 2683 firmissima,
1299 2658 1429 2687 corpore
1450 2653 1570 2684 vasto..

362 2701 501 2730 ostendit
521 2700 584 2730 sibi
606 2701 705 2731 chaos
725 2710 786 2732 non
807 2701 945 2741 spatium
970 2702 1060 2732 inane
1086 2702 1187 2732 visum
1211 2711 1298 2734 esse.
1329 2703 1382 2732 sed
1405 2702 1638 2733 tenebricosum
1659 2704 1808 2744 quiddam
1831 2705 1964 2735 nebulae
1985 2706 2105 2735 simile:
2134 2706 2164 2735 id
2187 2705 2269 2734 enim

362 2755 469 2795 caligo
489 2755 662 2796 significat.
