2466 3210
1133 98 1392 142 -5-

246 216 345 252 los-0
364 216 563 263 theologiae
584 216 777 256 coniunxit,
806 215 948 250 Homeri
978 217 1015 250 et
1037 214 1195 250 Hesiodi.
1238 214 1328 250 Nam
1355 214 1557 261 Lenoepius
1584 215 1618 248 in
1645 215 1826 259 utriusque
1855 218 1983 259 poetae
2011 213 2266 258 comparatione

245 300 461 337 nequaquam
490 289 606 324 omnia
638 292 698 325 aut
720 288 960 325 animadvertit
1004 292 1064 325 aut
1090 290 1327 336 persequutus
1363 291 1437 330 est;
1474 287 1533 333 qui
1561 290 1675 322 autem
1705 287 1785 323 olim
1814 286 1944 333 Heynii
1971 285 2104 320 monitu
2131 282 2268 330 nythe-

244 361 372 409 logiam
394 360 586 409 secundum
609 364 770 397 auctores
789 363 995 406 aetatesque
1016 361 1217 397 describere
1241 362 1387 395 conatus
1414 363 1491 401 est,
1519 358 1691 394 Martinus
1714 359 1950 399 Hermannus,
1977 369 2079 404 quam
2109 356 2267 403 imperite

244 445 318 469 rem
340 434 495 479 gesserit
517 445 619 468 nemo
642 435 790 479 ignorat.
835 434 1037 480 Nuperrime
1059 433 1306 469 Burckbardus
1332 434 1452 469 librum
1478 433 1648 467 tironibus
1675 433 1827 467 sortasse
1854 444 1919 466 non
1944 432 2095 466 inutilem
2122 430 2269 475 scripsit

243 506 289 542 de
310 505 527 552 mythologia
548 506 690 542 Homeri
711 511 749 542 et
770 506 934 541 Hesiodi:
956 507 1022 542 sed
1045 508 1077 542 is
1101 518 1215 553 neque
1236 506 1282 541 ab
1307 508 1481 542 erroribus
1502 506 1593 542 satis
1616 506 1686 540 sibi
1709 508 1814 546 cavit,
1842 510 1879 541 et
1900 505 2149 540 accuratiorem
2172 514 2264 539 eom·

242 579 455 625 parationem
479 582 516 614 et
546 579 803 625 discrepantiae
828 580 1082 625 expositionem
1108 580 1351 625 praetermisit,
1377 584 1416 615 ut
1437 580 1513 614 libri
1540 580 1597 614 sui
1620 579 1767 613 consilio
1794 579 1968 613 alienam.‘
1996 577 2110 612 Nobis
2137 579 2265 614 autem,

240 663 345 697 quum
367 651 530 697 colligere
550 654 588 686 et
609 652 643 686 in
667 663 734 686 uno
757 655 949 697 conspectu
961 663 1157 698 proponere
1178 653 1414 693 statuerimus,
1438 665 1527 698 quae
1541 653 1691 687 maxime
1716 651 1827 697 qualis
1851 651 1937 685 haec
1952 649 2189 694 discrepantia
2217 648 2265 682 sit

240 722 369 759 docere
390 734 501 769 posse
523 722 718 764 videantur,
741 735 809 758 non
831 723 915 759 illud
938 736 1030 758 nunc
1052 723 1226 768 agendum
1249 725 1332 765 erit,
1356 729 1394 759 nt
1418 725 1583 770 quidquid
1606 725 1652 759 de
1674 725 1800 759 divinis
1822 724 1982 769 personis
2006 721 2203 766 fabulisque
2220 720 2265 755 ab

240 797 349 831 altero
371 799 617 834 memoratum,
649 796 693 830 ab
715 796 826 831 altero
850 798 1135 842 praetermissum
1158 799 1215 831 est
1236 807 1500 842 persequamur,
1531 809 1600 843 qua
1622 798 1658 831 in
1683 808 1720 831 re
1742 807 1990 841 saepenumero
2013 806 2134 830 casum
2157 793 2265 828 domi·

240 873 356 904 natum
379 880 464 904 esse
484 880 587 902 nemo
609 869 769 913 negabit3
798 868 865 903 sed
887 869 945 903 illa
967 872 1097 904 tantum
1120 868 1223 903 nobis
1244 868 1463 913 respicienda
1486 874 1600 910 erunt,
1625 881 1716 914 quae
1738 869 1878 903 diversa
1898 869 1942 903 ab
1965 871 2109 912 utroque
2130 866 2264 901 ratione

238 943 486 982 memorantur,
517 943 555 976 ut
576 944 746 988 appareat
767 940 926 976 diversas
949 939 994 975 de
1017 940 1121 975 rebus
1153 939 1279 974 iisdem
1300 940 1479 987 opiniones
1503 942 1682 987 utriusque
1715 941 1837 976 fuisse.
1883 940 2041 975 Ceterum
2070 936 2261 973 Hesiodum

240 1024 345 1058 quum
367 1011 532 1052 dicimus,
560 1024 662 1046 unam
684 1012 922 1058 theogeniam,
949 1023 1063 1057 neque
1085 1015 1269 1058 praeterea
1289 1012 1473 1058 quidquam
1500 1025 1616 1047 eornm
1638 1014 1844 1052 carminum,
1872 1023 1962 1057 quae
1991 1011 2106 1045 eidem
2127 1010 2260 1044 auctori

238 1085 445 1123 tribuuntur,
468 1084 615 1129 intelligi
637 1084 814 1122 volumus,
838 1095 905 1116 non
929 1094 996 1127 quo
1022 1084 1244 1127 theogonium
1266 1095 1348 1117 vere
1371 1085 1414 1117 ab
1437 1084 1593 1118 Hesiodo
1617 1088 1843 1129 compositam
1869 1095 1954 1118 esse
1975 1068 2172 1120 credamus,
2194 1082 2260 1115 sed

238 1170 283 1193 ne
306 1160 443 1205 praeter
466 1157 713 1191 necessitatem
737 1157 848 1191 veteri
871 1155 1046 1191 traditioni
1069 1156 1312 1202 obloquamm,
1343 1160 1381 1191 et
1408 1157 1566 1201 quoniam
1590 1170 1635 1192 ex
1657 1156 1895 1203 mythologico
1926 1166 2056 1201 genere
2086 1153 2168 1188 nihil
2191 1153 2260 1188 Ho-

238 1232 324 1266 meri
352 1230 458 1266 aetati
487 1229 629 1275 propius
657 1228 838 1265 babemus.
899 1229 1041 1264 Homeri
1067 1232 1181 1264 autem
1213 1230 1350 1265 nomine
1379 1229 1520 1265 Iliadem
1550 1234 1678 1266 tantum
1712 1234 1748 1266 et
1777 1230 1982 1277 odysseam
2011 1227 2259 1273 significamus,

239 1314 331 1349 quae
353 1301 421 1337 duo
443 1300 613 1342 carmina,
641 1300 722 1338 iicet
745 1312 963 1347 nequaquam
992 1302 1093 1336 unius
1114 1301 1267 1337 auctoris
1289 1304 1350 1337 aut
1371 1302 1557 1347 temporis,
1586 1302 1649 1338 sed
1672 1314 1715 1338 ex
1738 1302 1961 1349 complurium
1983 1302 2166 1347 poetarum
2188 1308 2258 1333 ear-

237 1375 387 1411 minibus
408 1373 556 1410 conflata
577 1384 662 1409 esse
685 1384 911 1414 censeamus,
940 1374 975 1408 in
997 1375 1198 1409 uuiversum
1219 1377 1334 1409 tamen
1357 1374 1575 1420 aequabilem
1607 1375 1777 1421 quandam
1802 1376 1970 1409 rationem
1993 1371 2257 1419 mytlrologicam

238 1447 444 1483 ostendunt:
466 1457 671 1492 quamquam
696 1445 871 1480 fatendum
896 1450 955 1480 est
975 1436 1052 1480 non⁴
1066 1447 1180 1481 ubivis
1203 1446 1292 1480 banc
1314 1447 1420 1493 plane
1442 1448 1512 1481 sibi
1534 1452 1714 1487 constare,
1742 1447 1806 1481 sed
1830 1447 1995 1481 fluctuare
2018 1455 2257 1488 nonnunquam

236 1521 323 1554 inter
352 1519 465 1553 varias
494 1517 539 1552 de
569 1518 675 1553 rebus
705 1517 829 1552 iisdem
859 1519 1052 1565 opiniones.
1097 1519 1344 1554 Recentiorem
1373 1523 1489 1554 autem
1523 1520 1741 1565 theogeniam
1772 1519 1882 1553 Iliade
1914 1523 1950 1553 et
1973 1518 2143 1563 Odyssea
2172 1526 2256 1550 esse

237 1604 340 1638 quum
362 1603 463 1626 nemo
487 1589 637 1632 dubitet,
659 1602 875 1638 nequaquam
900 1597 1014 1627 tamen
1037 1596 1221 1639 propterea
1242 1593 1345 1627 etiam
1371 1592 1526 1633 fabulas,
1558 1604 1644 1637 quas
1667 1592 1724 1627 illa
1746 1593 1904 1638 proprias
1927 1592 2055 1631 babet,
2086 1594 2122 1625 et
2144 1600 2255 1635 genus

237 1664 320 1700 illud
349 1662 567 1707 theologiae,
600 1674 667 1708 quo
697 1663 740 1698 ab
769 1663 919 1699 Homero
950 1665 1139 1710 theogonia
1169 1663 1368 1710 discrepat,
1407 1664 1593 1699 Homerica
1623 1668 1738 1699 aetate
1766 1657 1941 1700 recentius
1972 1675 2058 1699 esse
2089 1662 2254 1697 dicemus.

239 1737 329 1772 Nam
352 1746 441 1782 quae
464 1734 556 1780 apud
570 1734 756 1771 Homerum
782 1735 856 1771 sere
878 1739 951 1771 tota
980 1737 1174 1772 oblitterata
1187 1741 1246 1771 est
1258 1736 1465 1781 significatio
1479 1736 1621 1772 deorum
1639 1737 1824 1783 allegorica
1840 1756 1885 1763 —
1908 1736 2028 1770 licebit
2042 1736 2130 1770 enim
2145 1733 2254 1767 brevi·

237 1809 320 1843 tatis
344 1818 451 1842 causa
473 1806 540 1841 hoc
560 1808 699 1841 nomine
720 1808 786 1847 uti,
810 1809 966 1853 quamvis
989 1820 1152 1855 perversa
1166 1810 1402 1845 nonnullorum
1420 1812 1699 1859 interpretatione
1713 1809 1906 1848 diffamato,
1930 1829 1966 1834 —
1997 1810 2085 1842 haec
2107 1806 2253 1839 dubitari

237 1894 303 1915 non
326 1883 460 1926 potest,
483 1881 564 1924 quin
586 1881 773 1926 primitiva,
795 1894 865 1916 non
889 1882 1027 1926 quidem
1052 1883 1084 1915 io
1108 1883 1286 1922 omnibus,
1316 1884 1382 1918 sed
1404 1885 1439 1918 in
1465 1885 1644 1929 permultis
1670 1888 1781 1918 tamen
1805 1882 1932 1915 fabulis
1956 1881 2075 1920 fuerit,
2104 1880 2252 1922 eiusque

236 1953 331 2001 apud
344 1952 536 1989 Hesiodum
556 1952 662 1988 multo
686 1953 784 1999 plura
811 1966 912 1999 quain
933 1954 1026 2000 apud
1041 1954 1226 1990 Homerum
1242 1956 1394 2002 vestigia
1416 1961 1557 1992 servata
1576 1960 1665 1992 sunt.
1693 1955 1821 1991 Tamen
1836 1955 1951 2001 ipsum
1967 1965 2078 2000 genus
2097 1961 2251 1999 poeseos

236 2024 498 2072 theogonicum,
524 2024 623 2060 cuius
645 2024 712 2060 hoc
734 2037 838 2062 unum
861 2027 1055 2075 exemplum
1078 2030 1257 2076 superest,
1281 2026 1434 2079 heroicis
1455 2029 1683 2070 carminibus,
1706 2027 1817 2074 qualia
1838 2026 1978 2062 Homeri
2001 2027 2102 2061 sunt.
2131 2033 2251 2058 reeen-

236 2099 305 2134 tius
327 2097 435 2132 videri
466 2096 581 2132 debet.
626 2096 720 2132 Esse
742 2099 833 2134 enim
863 2103 900 2133 et
928 2100 1108 2147 providere
1137 2104 1241 2145 atque
1271 2101 1475 2135 intervenire
1503 2102 1607 2135 rebus
1639 2101 1795 2134 humanis
1822 2099 2050 2151 credebantur
2080 2097 2127 2130 dii
2158 2096 2252 2129 haud

237 2163 343 2205 dubie
366 2170 472 2205 multo
501 2173 604 2209 ante,
633 2181 736 2213 quam
765 2169 809 2204 de
832 2174 908 2204 ortu
931 2183 1050 2206 eorum
1079 2177 1183 2217 atque
1210 2174 1477 2217 cognationibus
1500 2177 1733 2218 quaereretur:
1765 2183 1933 2216 quumque
1960 2175 2121 2216 coeptum
2151 2172 2255 2203 esset

236 2242 372 2288 quaeri,
401 2252 512 2287 genus
533 2244 648 2276 tamen
678 2243 828 2276 omnium
860 2244 959 2288 quasi
990 2245 1023 2278 in
1053 2248 1236 2281 stemmate
1264 2244 1417 2280 describi
1444 2249 1482 2280 et
1509 2246 1634 2291 quibus
1665 2247 1810 2290 quisque
1838 2243 2000 2290 gradibus
2030 2255 2052 2277 a
2080 2239 2255 2276 communi

236 2326 349 2350 rerum
378 2314 510 2358 origine
537 2312 785 2355 descenderet,
819 2327 950 2360 quosve
979 2320 1162 2361 parentes,
1199 2321 1388 2364 cognatos,
1420 2318 1552 2352 liberos
1580 2318 1741 2357 haberet,
1771 2317 1894 2363 exponi
1923 2328 1991 2351 non
2015 2319 2099 2351 ante
2128 2314 2250 2361 potuit,

237 2398 356 2432 quam,
380 2397 468 2433 quae
491 2385 585 2419 varie
608 2385 689 2419 olim
712 2385 756 2421 de
778 2387 943 2434 singulis,
974 2388 1041 2423 alia
1061 2388 1161 2429 alibi,
1190 2390 1432 2431 cantabantur,
1463 2390 1619 2424 diuturno
1642 2393 1817 2435 poetarum
1838 2389 1955 2424 studio
1979 2401 2044 2436 per
2067 2387 2250 2423 Graeciam

234 2459 411 2504 divulgata
431 2463 467 2494 et
487 2460 533 2496 ad
555 2472 769 2496 communem
790 2462 943 2496 notitiam
966 2462 1101 2506 perlata
1123 2466 1265 2502 essent,
1289 2474 1358 2507 quo
1382 2464 1473 2498 sacto
1494 2465 1697 2502 extiterunt,
1728 2465 1785 2508 qui
1806 2464 2033 2509 multiplicem
2053 2459 2250 2496 huiusmodi

236 2530 424 2565 fabularum
446 2534 645 2567 varietatem
669 2536 705 2567 et
733 2532 999 2579 discrepantiam
1028 2544 1251 2580 componere,
1282 2534 1394 2584 quoad
1416 2538 1585 2581 possent,
1619 2538 1656 2569 et
1675 2546 1776 2569 unum
1801 2535 1902 2580 quasi
1924 2539 2084 2582 systema
2107 2533 2250 2568 deorum

235 2603 434 2638 describere
463 2610 677 2641 conarentur.
725 2605 842 2641 Huius
869 2605 991 2646 studii,
1023 2606 1121 2642 cuius
1156 2605 1302 2642 fructum
1332 2607 1514 2652 antiquitas
1540 2618 1643 2642 unum
1680 2610 1787 2653 atque
1820 2608 1964 2644 alterum
1992 2611 2127 2654 praeter
2158 2606 2249 2641 lianc

234 2675 381 2713 Hesiodi
403 2676 625 2722 theogoniam
648 2679 747 2719 vidit,
770 2679 874 2713 etiam
895 2679 929 2714 in
952 2677 1147 2714 Homericis
1169 2680 1375 2714 carminibus
1398 2679 1524 2714 indicia
1545 2680 1715 2724 quaedam
1738 2685 1774 2716 et
1797 2683 1965 2728 vestigia,
1988 2683 2020 2717 si
2043 2682 2157 2716 minus
2174 2691 2247 2726 per-

234 2749 333 2790 fecti,
356 2752 392 2784 at
414 2752 508 2784 certe
530 2749 701 2791 inchoati,
725 2750 1046 2797 deprehenduntur,
1069 2763 1137 2786 non
1157 2751 1262 2787 multa
1284 2750 1423 2796 quidem
1446 2750 1523 2791 illa,
1545 2751 1612 2786 sed
1636 2763 1726 2797 quae
1750 2754 1938 2789 ostendant
1962 2758 2080 2791 tamen
2102 2754 2246 2797 theogo—

234 2821 323 2856 niam
346 2820 562 2857 Homericam
585 2821 766 2858 admodum
786 2823 830 2858 ab
853 2822 1029 2860 Hesiodea
1052 2823 1221 2860 diversam
1247 2822 1368 2857 fuisse.
1415 2822 1491 2859 Hoc
1516 2823 1620 2870 igitur
1642 2836 1731 2860 nunc
1754 2825 1990 2862 demonstrare
2014 2825 2203 2873 aggrediar.
