2466 3210
1095 141 1360 187 ——9—

217 262 287 299 vlm
304 262 400 298 illam
422 262 600 297 motricem
629 263 664 295 et
686 259 901 304 agitatricem
930 258 1049 305 plures
1079 260 1247 305 deinceps
1269 270 1328 293 res
1360 269 1463 302 quum
1493 270 1538 292 ex
1559 262 1649 293 terra
1677 262 1749 292 tum
1772 270 1817 292 ex
1838 259 1945 300 chao,
1975 262 2068 305 quod
2090 261 2236 298 dimissa

218 346 262 371 ex
284 345 368 371 sese
390 337 482 369 terra
502 343 715 380 nequaquam
735 335 849 369 tamen
873 343 1064 380 superesse
1087 331 1192 368 desiit
1216 331 1282 376 ¹⁴),
1313 332 1417 378 quasi
1440 330 1623 367 elicuisse:
1654 330 1744 366 hanc
1767 333 1860 366 enim
1882 334 1948 367 vim
1971 346 2056 369 esse
2077 341 2233 381 apparet,

219 420 308 454 quae
337 407 510 442 Amoris
539 406 677 439 nomine
704 405 915 452 significatur
938 405 994 449 ¹⁶).
1038 404 1286 440 Verumtamen
1311 403 1487 440 fatendum
1514 406 1591 444 est,
1621 403 1664 438 ab
1691 402 1851 439 Hesiodo
1880 404 1960 452 ipso
1987 405 2074 443 haec
2094 420 2165 444 non
2186 411 2235 446 ita

208 481 365 527 exponi,
396 478 464 513 sed
489 480 701 520 coniectura,
733 479 888 523 quamvis
921 478 1090 524 probabili
1119 478 1276 524 adeoque
1297 478 1517 518 necessaria,
1551 489 1573 511 a
1602 477 1703 511 nobis
1740 478 1840 522 quasi
1868 478 2107 515 subaudienda
2132 492 2230 518 esse.

217 552 358 589 Homeri
378 554 494 586 autem
516 552 749 597 cosmogonia,
771 564 872 597 quum
892 551 1081 587 masculam
1104 555 1140 586 et
1169 551 1348 588 femineam
1370 552 1502 600 humidi
1525 550 1680 597 principii
1705 554 1857 586 naturam
1874 551 2021 587 Oceano
2043 557 2082 588 et
2094 553 2232 601 Tethye

206 626 448 671 significaret,
484 625 568 665 vim,
605 636 693 670 quae
725 625 792 659 hos
826 625 872 659 ad
904 624 1136 669 generandum
1165 625 1341 665 incitaret,
1379 626 1422 660 ab
1453 624 1543 671 ipsis
1571 623 1742 658 diversam
1771 635 1840 657 non
1871 624 2007 659 videtur
2042 624 2232 662 induxisse.

208 697 388 731 -Nimirum
409 697 584 742 proprium
606 697 671 730 hoc
697 700 732 730 et
754 698 896 731 insitum
918 701 975 731 est
996 697 1134 731 duobus
1157 697 1318 736 sexibus,
1346 701 1383 731 ut
1403 708 1469 731 sna
1491 699 1619 741 sponte
1642 705 1727 729 sese
1748 695 1917 730 misceant
1940 699 1977 731 et
1998 696 2041 731 ad
2065 708 2231 743 generan-

216 769 297 804 dum
317 772 522 815 properent,
544 769 762 814 quamobrem
785 782 854 804 non
878 783 965 817 opus
988 769 1051 804 suit
1073 770 1209 805 duabus
1230 770 1365 805 Oceani
1386 774 1421 805 et
1444 768 1604 812 Tethyos
1625 769 1786 813 personis
1809 769 1910 802 etiam
1932 770 2066 803 tertiam
2090 770 2231 808 Amoris

215 841 372 886 adiungi,
398 842 495 876 cuius
518 853 644 875 numen
658 841 831 877 Homerus
854 855 898 877 ne
924 843 959 877 in
980 842 1059 877 aliis
1081 842 1218 887 quidem
1242 842 1388 882 fabulis,
1409 843 1513 877 etiam
1537 851 1640 886 quum
1664 851 1722 875 res
1745 839 1781 874 id
1799 839 1853 875 vel
1878 842 2025 876 maxime
2047 842 2151 879 ferret
2171 849 2231 880 aut

216 895 418 960 postularet,
444 925 591 958 usquam
614 919 875 954 commemorat,
898 919 935 949 ut
957 916 1059 949 deum
1082 915 1246 949 Amorem
1267 914 1370 960 plane
1391 926 1460 948 non
1489 913 1630 947 novisse
1652 912 1821 947 videatur.
1868 913 2027 948 Ceterum
2051 915 2229 954 Hesiodus

217 997 372 1031 quoque,
406 989 635 1031 posteaquam
665 986 827 1021 Amorem
858 988 893 1020 in
922 999 1033 1021 rerum
1063 988 1245 1033 principiis
1274 989 1407 1034 posuit,
1440 986 1552 1021 nullas
1573 989 1689 1020 tamen
1726 986 1761 1019 in
1793 986 2076 1030 generationibus
2104 989 2227 1024 subse-

217 1059 402 1104 quentibus
431 1063 551 1105 partes
581 1061 655 1094 eius
685 1062 943 1099 commemorat,
980 1060 1187 1104 omninoque
1215 1071 1261 1094 ne
1291 1061 1442 1095 nominat
1473 1059 1609 1104 quidem
1640 1059 1709 1093 nisi
1732 1070 1762 1091 v.
1787 1056 1870 1098 201,
1900 1058 1957 1092 ubi
1980 1059 2109 1096 Veneri
2136 1062 2227 1097 hunc

214 1132 373 1166 comitem
396 1143 465 1165 una
486 1143 563 1165 cum
586 1132 726 1166 Himero
749 1132 918 1177 adiungit,

692 1206 734 1247 τῇ
760 1202 917 1249 δ’ἼΞρος
948 1202 1131 1248 ὦμάρτησε
1158 1203 1217 1237 καὶ
1228 1203 1373 1250 “Ιμερος
1396 1205 1520 1240 ἕσπετο
1543 1204 1656 1246 καλός.

215 1278 340 1323 Neque
361 1278 483 1313 mirum
506 1281 578 1317 est,
610 1277 761 1312 Veneris
789 1277 880 1311 hunc
902 1281 1111 1312 sectatorem
1141 1278 1310 1312 nonnullis
1341 1278 1441 1323 plane
1470 1278 1643 1312 diversum
1668 1281 1702 1312 et
1725 1277 1890 1311 iuniorem
1913 1278 2024 1311 visum
2047 1289 2132 1314 esse
2156 1280 2223 1314 isto

213 1352 455 1398 cosmogenico
475 1351 538 1394 ¹⁶),
566 1351 620 1385 cui
644 1349 780 1395 quidem
804 1362 891 1395 quae
916 1363 949 1385 v.
978 1350 1044 1386 120
1064 1351 1188 1385 tributa
1211 1351 1357 1396 legimus
1381 1351 1551 1397 epitheta,

882 1419 919 1463 ὃς
943 1424 1122 1464 κάλλιστος
1143 1423 1180 1457 ἐν
1203 1421 1410 1457 ἀθανάτοισι
1431 1426 1564 1465 θεοῖσι,

673 1495 856 1541 λυσιμελὴς
887 1496 1030 1531 πάντων
1052 1509 1088 1531 τε
1109 1498 1208 1532 θεῶν
1231 1496 1377 1531 πάντων
1399 1493 1652 1542 τ’ἆνθρῶπων,

212 1580 283 1603 non
314 1568 437 1603 iniuria
474 1568 635 1603 venereo
666 1580 773 1614 puero
811 1580 912 1615 quam
955 1569 1005 1604 illi
1041 1570 1189 1604 omnium
1234 1569 1372 1605 deorum
1418 1570 1656 1605 vetustissimo
1698 1570 1976 1604 convenientiora
2014 1572 2152 1605 censeri
2181 1571 2224 1612 ¹⁷)

216 1642 406 1675 fatebimur.
460 1641 533 1674 Sed
563 1641 759 1674 huiusmodi
786 1642 997 1676 offensiones
1026 1642 1061 1675 in
1087 1641 1153 1675 hac
1182 1640 1369 1687 theogonia
1395 1640 1592 1688 complures
1617 1643 1714 1682 sunt,
1744 1653 1813 1676 non
1834 1644 1968 1682 tamen,
2003 1645 2039 1678 nt
2064 1643 2225 1688 equidem

217 1716 378 1756 arbitror,
402 1715 446 1749 ab
472 1715 774 1759 interpolatoribus
796 1716 975 1754 invectae,
995 1716 1060 1750 sed
1082 1716 1151 1761 ipsi
1172 1715 1334 1749 carminis
1358 1715 1599 1759 compositioni
1621 1715 1836 1759 congenitae.

345 1807 462 1843 Chaos
492 1820 591 1853 porro
620 1806 801 1842 Erebum
829 1812 865 1842 et
891 1807 1089 1847 Noctem,
1120 1806 1198 1840 Nox
1229 1818 1274 1840 ex
1298 1806 1414 1840 Erebo
1437 1806 1632 1840 Aethera
1656 1806 1867 1850 Diemque
1887 1808 2069 1852 peperisse
2093 1807 2223 1847 dicitur,

217 1891 328 1927 neque
352 1879 491 1914 dubium
517 1882 589 1921 est,
612 1879 693 1926 quin
715 1877 853 1915 Erebus
879 1880 1041 1917 tenebras
1062 1879 1234 1927 significet
1256 1879 1331 1915 loca
1354 1878 1461 1915 infera
1483 1883 1649 1925 perpetuo
1672 1879 1888 1920 obsidentes,
1912 1880 1991 1914 Nox
2012 1885 2124 1915 autem
2147 1881 2223 1920 has,

219 1964 307 1997 quae
334 1953 467 1986 diurnis
486 1952 618 1986 vicibus
640 1955 764 1985 terram
790 1952 990 1992 obscurant,
1020 1963 1064 1986 ex
1094 1952 1219 1998 quibus
1251 1952 1413 1998 quoniam
1435 1951 1512 1986 oriri
1542 1950 1598 1986 lux
1621 1951 1816 1993 videbatur,
1848 1951 1952 1987 Diem
1975 1952 2098 1988 Noctis
2124 1952 2223 1989 filiam

243 2163 296 2200 14)
335 2162 495 2191 Prodeunt
525 2172 561 2192 cx
585 2162 664 2191 chao
686 2164 757 2201 post
778 2165 891 2191 terr-nm
916 2162 1010 2192 etiam
1033 2162 1145 2192 erebus
1165 2166 1197 2192 et
1215 2172 1291 2197 nox,
1314 2162 1352 2191 de
1374 2161 1488 2200 quibus
1511 2171 1581 2191 mox
1603 2161 1744 2197 dicetur,
1773 2166 1805 2191 et
1825 2166 1931 2192 manet
1958 2162 2037 2192 illud
2059 2163 2143 2192 infra
2164 2167 2228 2193 ter-

337 2227 403 2246 ram
425 2217 521 2246 etiam
543 2222 615 2256 post
634 2217 765 2246 Titanes
787 2227 806 2247 a
826 2218 901 2246 love
928 2217 1083 2251 devictos,
1115 2217 1160 2245 th.
1189 2225 1217 2244 V.
1245 2217 1313 2244 814.
1355 2215 1409 2244 Sic
1435 2216 1492 2244 alii
1520 2224 1643 2253 quoque
1664 2220 1776 2253 poetae
1795 2225 1856 2244 non
1884 2225 1955 2245 raro
1976 2216 2074 2245 chno-
2095 2216 2128 2246 in
2150 2218 2229 2248 locis

335 2269 548 2299 subterraneis
574 2273 767 2306 memorant,
793 2270 878 2307 (vid.
904 2270 1032 2300 Gesner.
1058 2270 1097 2300 ad
1119 2269 1282 2300 Claudian.
1309 2280 1339 2308 p.
1362 2270 1428 2307 ⁷2)
1449 2274 1481 2299 et
1504 2270 1692 2305 Herculem,
1722 2275 1926 2309 posteaquam
1955 2275 2123 2311 peragrato
2152 2274 2230 2302 orbe

337 2328 490 2353 terrarum
511 2324 550 2353 ad
572 2321 718 2354 ultimam
739 2324 910 2353 occidentis
930 2335 1019 2355 oram
1041 2324 1237 2364 pervenerit,
1267 2322 1339 2359 χάος
1359 2324 1404 2352 ibi
1423 2328 1474 2353 καὶ
1496 2323 1589 2362 ζόφον
1610 2323 1766 2352 invenisse
1794 2327 1968 2353 narrarunt.
2007 2323 2117 2353 Schol.
2139 2324 2228 2368 Pina·

335 2376 384 2405 01.
405 2376 469 2413 111,
490 2381 540 2408 79.
564 2396 599 2401 —
641 2379 703 2409 Sed
724 2376 857 2407 difficile
878 2377 965 2407 dictu
985 2382 1054 2413 est,
1083 2377 1158 2416 quid
1178 2378 1378 2407 statuendum
1398 2377 1441 2407 sit
1461 2378 1499 2407 de
1521 2378 1567 2408 th.
1589 2387 1620 2407 v.
1640 2381 1716 2414 700,
1745 2375 1847 2417 καῦμα
1868 2375 1901 2408 δὲ
1920 2379 2086 2409 θεσπέσιον
2105 2377 2230 2417 κάτεχεν

337 2429 423 2467 χάος,
444 2430 634 2461 fulminibus
653 2431 777 2463 scilicet
796 2433 826 2462 in
848 2433 1073 2463 titanomnchia
1094 2443 1112 2462 n
1132 2433 1207 2462 love
1226 2433 1383 2462 iaculatis.
1421 2433 1499 2462 Nam
1528 2432 1715 2471 Goettlingii
1743 2431 2033 2469 interpretationem
2054 2432 2229 2471 Lennepins

337 2484 449 2514 merito
469 2485 605 2524 sprevit,
628 2485 697 2525 ipse
717 2488 789 2517 loca
808 2488 1011 2517 subterranea
1038 2486 1211 2526 significari
1240 2491 1396 2522 statuens,
1426 2496 1487 2524 qno
1517 2486 1726 2524 penetraverit
1752 2486 1919 2515 fulminum
1942 2486 2053 2515 ardor:
2079 2497 2178 2525 neque
2199 2487 2228 2517 id

339 2537 548 2575 improbabile
568 2544 626 2570 est.
665 2540 726 2570 Sed
747 2540 818 2572 fieri
838 2545 956 2581 potest,
979 2545 1014 2571 ut
1034 2540 1115 2571 nihil
1134 2540 1195 2570 nisi
1223 2550 1288 2570 aer
1315 2541 1529 2581 significetur,
1551 2551 1643 2579 quem
1671 2551 1889 2579 nonnunquam
1916 2540 1975 2570 illo
1996 2541 2120 2570 nomine
2146 2542 2228 2571 desi-

336 2591 426 2630 gnari
445 2601 540 2631 snpra
559 2595 749 2625 monuimus.
1666 2635 1671 2640 “

246 2647 298 2685 15)
339 2645 469 2675 Praeter
489 2646 575 2676 loco·
596 2657 616 2678 a
635 2649 818 2688 Mfitzellio,
847 2652 885 2681 de
907 2662 966 2681 em.
988 2652 1097 2690 thcog.
1126 2650 1201 2680 Hes.
1224 2661 1252 2689 p.
1271 2653 1347 2686 401,
1375 2654 1407 2680 et
1433 2659 1452 2680 a
1477 2649 1635 2688 Lennepio
1657 2659 1687 2688 p.
1714 2651 1771 2678 185
1799 2649 1915 2681 citato·
1935 2651 2016 2682 conf.
2040 2651 2155 2682 Euseh.
2183 2664 2229 2692 pr.

339 2709 387 2729 0¹¹·
407 2698 441 2735 1,
465 2701 502 2729 10
522 2711 553 2739 p·
574 2704 613 2732 3⁷
629 2704 776 2735 lleinich.
798 2710 831 2736 et
850 2705 1031 2736 Cudworth.
1055 2708 1132 2745 synt.
1154 2704 1209 2734 int.
1229 2716 1259 2744 p.
1283 2707 1339 2734 118
1357 2714 1403 2743 sq.

246 2756 300 2794 16)
341 2754 409 2783 Vid.
430 2753 535 2784 loann.
557 2756 644 2787 Diae.
664 2770 694 2798 p.
715 2762 782 2790 456.

247 2811 300 2848 17)
342 2809 434 2839 Velut
455 2818 473 2839 n
494 2809 658 2850 Gruppio,
681 2813 711 2844 in
733 2815 815 2847 libro
836 2816 873 2847 de
894 2816 1086 2857 theogoniae
1106 2815 1240 2856 genuina
1262 2813 1364 2844 forma
1384 2812 1593 2850 restituendae
1617 2826 1647 2853 p.
1672 2817 1739 2844 143.
