2466 3210
198 1120 518 1183 necentissimus
546 1149 755 1194 theogoniae
783 1149 985 1185 Hesiodeae
1015 1151 1207 1197 interpres,
1234 1149 1279 1184 1).
1308 1149 1343 1184 J.
1369 1148 1593 1194 Lennepius,
1628 1150 1663 1183 in
1692 1149 1910 1195 praefatione
1938 1149 2104 1185 editionis
2129 1161 2216 1186 suae

198 1228 230 1262 p.
255 1216 306 1252 xl
329 1219 523 1265 profitetur,
546 1233 653 1257 sese
675 1223 896 1269 impulsum
919 1224 1098 1259 maxime
1121 1223 1220 1258 loco
1242 1221 1515 1262 Herodoteo,
1539 1220 1592 1262 11,
1617 1220 1677 1263 53,
1698 1222 1769 1258 ubi
1791 1221 2001 1258 Homerus
2024 1227 2067 1258 et
2086 1221 2215 1259 Hesi·

189 1290 303 1330 ‚odus
332 1292 607 1341 theogeniam
631 1293 814 1330 Graecis
847 1294 1112 1332 condidisse
1142 1294 1317 1341 diisque
1346 1294 1513 1330 nomina
1542 1293 1832 1341 imposuisse,
1860 1296 2146 1344 honoresque
2174 1301 2217 1333 et

197 1366 337 1400 munia
369 1368 635 1403 attribuisse
666 1368 921 1415 formasque
955 1369 1220 1414 designasse
1249 1368 1468 1408 dicuntur,
1497 1368 1674 1403 animum
1703 1367 1932 1405 adiecisse
1962 1369 2031 1405 his
2062 1371 2215 1417 poetis

196 1437 307 1472 inter
346 1450 396 1473 se
430 1440 730 1482 conferendis,
767 1445 811 1476 ut
846 1446 1048 1477 accurate
1080 1444 1276 1482 notaret,
1314 1451 1425 1487 quae
1458 1438 1510 1475 de
1543 1441 1715 1477 ortibus
1753 1440 1946 1484 deorum,
1980 1453 2214 1490 eorumque

195 1515 344 1547 natura
366 1525 414 1547 ac
436 1514 590 1559 specie
613 1515 663 1548 ab
687 1516 743 1549 iis
766 1515 1074 1561 proderentur:
1107 1526 1185 1559 qua
1207 1515 1414 1548 instituta
1435 1513 1677 1548 collatione
1698 1526 1819 1560 quum
1846 1516 2013 1551 viderit
2041 1516 2145 1551 illos
2167 1517 2211 1551 in

195 1584 421 1620 nonnullis
444 1588 720 1627 consentire,
749 1589 789 1622 in
820 1588 924 1623 aliis
953 1587 1158 1622 diversos
1187 1586 1330 1626 abire,
1353 1598 1433 1620 nec
1456 1598 1554 1622 raro
1578 1587 1741 1622 factam
1771 1589 1821 1622 ab
1851 1600 1934 1623 uno
1955 1588 2023 1622 vel
2051 1588 2119 1623 dei
2142 1589 2209 1624 vel

194 1654 381 1692 alicuius
403 1657 624 1704 mythicae
646 1671 872 1707 personae
895 1664 970 1696 aut
990 1659 1212 1696 historiae
1236 1659 1492 1695 mentionem
1510 1659 1625 1707 apud
1649 1660 1835 1696 alterum
1858 1659 2023 1696 frustra
2039 1661 2207 1706 quaeri,

193 1738 478 1773 consequens
504 1731 650 1767 fuisse
672 1736 718 1767 ut
740 1733 965 1773 crederet,
988 1744 1052 1773 ea,
1075 1733 1116 1766 in
1142 1731 1297 1777 quibus
1320 1733 1642 1773 consentirent,
1667 1732 1809 1768 fuisse
1831 1735 1917 1767 tum
1939 1731 2103 1777 pridem
2123 1733 2207 1767 iam

193 1801 401 1845 opinione
425 1803 689 1839 Graecorum
713 1809 914 1851 recepta,
937 1804 1124 1840 nondum
1141 1816 1243 1839 vero
1265 1815 1329 1845 ea,
1354 1805 1393 1839 in
1409 1805 1572 1850 quibus
1591 1805 1902 1844 dissentirent,
1924 1808 1970 1838 ut
1989 1806 2209 1850 potuerint

192 1871 244 1907 de
266 1873 323 1908 iis
346 1885 425 1919 pro
448 1887 524 1912 sua
547 1881 732 1923 uterque
755 1879 962 1923 opinione
983 1890 1117 1913 suove
1139 1878 1280 1913 lubitu
1303 1876 1495 1912 tradere.
1542 1877 1673 1923 Tetigit
1694 1879 1745 1911 vir
1767 1877 1989 1911 doctissimus
2009 1876 2068 1912 his
2090 1878 2207 1913 verbis

191 1956 263 1980 rem
289 1946 334 1981 ad
360 1949 608 1985 accuratiorem
630 1951 859 1997 cognitionem
881 1962 1027 1996 graecae
1050 1951 1248 1996 theologiae
1275 1962 1317 1985 ac
1339 1949 1517 1995 religionis
1549 1950 1651 1996 longe
1679 1950 1939 1995 gravissimam,
1966 1949 2113 1985 necdum
2143 1962 2207 1997 pro

192 2029 234 2053 eo
261 2029 302 2052 ac
325 2017 445 2055 debuit
467 2022 687 2069 explicatam,
710 2022 777 2059 scd
799 2022 937 2069 dignam
959 2017 1096 2068 utique,
1118 2034 1207 2069 quae
1228 2021 1410 2068 aliquando
1434 2033 1534 2067 quam
1557 2021 1824 2067 diligentissime
1839 2025 2079 2068 pertractetur.
2114 2021 2207 2059 Nam

191 2101 295 2135 quum
317 2091 538 2128 manifestum
562 2096 609 2129 sit
629 2096 817 2142 religiones
837 2094 1093 2142 popularesque
1112 2094 1156 2130 de
1179 2094 1248 2130 diis
1267 2095 1450 2141 opiniones
1473 2094 1510 2129 in
1531 2095 1727 2129 universum
1743 2093 1940 2129 aestimanti
1956 2091 2100 2129 easdem
2114 2094 2207 2141 apud

191 2175 312 2197 omnes
336 2164 492 2200 Graecos
522 2167 650 2209 fuisse,
678 2168 787 2203 nihilo
817 2169 929 2203 minus
957 2171 1072 2202 tamen
1101 2179 1324 2214 permagnam
1353 2168 1554 2202 varietatem
1584 2177 1626 2201 ac
1654 2165 1921 2212 discrepantiam
1950 2165 2142 2202 fabularum
2171 2174 2209 2204 et

191 2238 314 2271 rituum
337 2237 429 2282 apud
451 2251 514 2273 eos
537 2239 847 2286 deprehendimus,
878 2241 1052 2284 adeoque,
1080 2242 1127 2274 si'
1145 2242 1224 2285 quis
1253 2242 1368 2275 omnia
1390 2241 1492 2274 huius
1523 2240 1660 2284 generis
1685 2239 1869 2284 diligenter
1890 2239 2092 2280 contulerit,
2121 2241 2207 2274 affir-

190 2321 283 2344 mare
311 2309 448 2352 licebit,
480 2313 537 2347 vix
567 2316 729 2360 pauciora
758 2315 934 2350 inventum
965 2315 1022 2355 iri,
1052 2313 1097 2349 de
1129 2314 1253 2359 quibus
1287 2313 1498 2348 dissentiant
1526 2313 1615 2347 inter
1648 2324 1690 2347 se
1718 2312 1845 2348 Graeci
1881 2323 1983 2357 quam
2015 2313 2049 2347 in
2081 2314 2207 2358 quibus

190 2383 404 2429 conspirent.
448 2387 501 2419 Ac
526 2385 715 2423 fabularum
737 2387 875 2433 quidem
899 2387 967 2422 duo
989 2399 1118 2434 genera
1139 2386 1253 2422 facere
1275 2397 1480 2433 possumus,
1502 2384 1646 2420 alterum
1671 2395 1807 2425 earum,
1830 2396 1921 2430 quae
1943 2396 1966 2420 a
1987 2385 2206 2434 philosophis

191 2455 397 2499 quibusdam
422 2457 602 2494 fabulosae
624 2460 820 2506 theologiae
844 2461 980 2494 nomine
1003 2458 1246 2506 comprehendi
1268 2458 1478 2503 naturalique
1500 2462 1537 2492 et
1556 2458 1649 2492 civili
1663 2456 1863 2503 theologiae
1885 2458 2014 2504 opponi
2036 2459 2148 2493 solem
2160 2460 2204 2503 ¹):

195 2564 671 2572 -ῄ-ΉΨ-

243 2636 275 2673 l)
320 2635 365 2664 De
385 2635 447 2665 hac
474 2637 593 2676 triplici
622 2639 806 2680 theologiae
831 2639 988 2669 divisione
1012 2639 1079 2669 vid.
1099 2638 1261 2669 Plutarch.
1280 2637 1320 2667 de
1340 2638 1420 2676 plne.
1439 2636 1519 2676 phil.
1547 2638 1580 2673 1,
1608 2639 1638 2665 6.
1682 2636 1800 2666 Euseb.
1829 2645 1936 2676 praep.
1960 2646 2009 2666 en.
2034 2636 2093 2672 lv,
2122 2639 2139 2667 1
2167 2637 2209 2668 in.

313 2690 482 2731 Augustis.
502 2691 540 2720 de
562 2692 597 2721 C.
616 2693 653 2722 Ι).
674 2689 725 2728 IV,
748 2696 797 2723 27.
817 2693 853 2729 V,
874 2695 902 2722 5.
925 2694 979 2730 Vl,
1001 2695 1029 2723 ⁵.
1069 2693 1183 2723 Boeth.
1202 2693 1241 2722 de
1260 2691 1322 2721 dii·
1342 2697 1375 2721 et
1394 2700 1497 2730 praee.
1516 2690 1555 2720 ad
1576 2690 1643 2720 Cic.
1665 2690 1747 2730 Top.
1767 2696 1842 2721 tom.
1863 2691 1899 2726 V,
1923 2693 1955 2725 1,
1978 2700 2009 2728 p.
2029 2691 2089 2720 ³92
2110 2690 2208 2721 Orell.

311 2744 403 2774 Voss.
429 2744 468 2773 dc
496 2744 657 2776 idololatr.
676 2747 723 2783 11,
756 2749 790 2783 1,
818 2758 849 2787 p.
871 2750 939 2778 307.
959 2757 989 2778 v.
1012 2748 1123 2778 Seelen
1144 2748 1182 2777 de
1203 2745 1356 2785 inscriptt.
1377 2744 1456 2774 bibl.
1483 2755 1513 2783 p.
1534 2746 1584 2773 29.
1628 2744 1808 2774 Cudvorth.
1834 2748 1959 2783 system.
1987 2742 2042 2774 int.
2062 2754 2088 2774 c.
2108 2746 2144 2782 4,
2170 2748 2210 2775 2⁶

311 2810 340 2838 p.
358 2802 417 2829 ⁵22
436 2809 482 2837 sq.

1803 2867 1816 2902 ¹
1829 2869 1844 2883 1
