2466 3210
1067 130 1357 173 ..20-

204 247 308 286 Pluto
331 252 407 291 est,
430 249 571 296 quintus
594 247 796 297 Neptunus,
821 245 949 293 Iupiter
966 249 1080 281 autem
1104 247 1254 281 omnium
1277 249 1495 294 postremusz
1518 245 1623 292 idque
1645 259 1711 283 non
1733 259 1819 285 casu
1832 247 1898 284 sed
1911 246 2070 283 consulto
2086 247 2216 284 factum

203 331 287 356 esse
308 332 354 356 ex
375 322 418 356 iis
444 325 605 368 apparet,
628 332 715 366 quae
738 331 818 354 mox
840 322 1032 359 narrantur,
1054 322 1094 353 ut
1114 319 1330 355 devoraverit
1344 319 1514 354 Saturnus
1535 319 1664 354 liberos
1684 332 1809 357 recens
1832 325 1951 362 natos,
1975 324 2081 366 utque
2095 320 2215 356 Iovem

202 393 339 429 demum
361 398 471 430 mater
491 395 696 433 servaverit,
726 394 758 428 is
789 396 923 433 autem,
951 392 1159 437 simulatque
1187 392 1403 432 adoleverat,
1434 404 1595 428 evomere
1622 396 1756 439 patrem
1784 394 1913 429 liberos
1939 397 2019 429 ante
2048 405 2090 428 se
2112 397 2214 428 natos

202 467 358 512 coegerit
366 467 425 510 ⁶⁴).
456 467 558 513 Apud
572 466 760 501 Homerum
773 470 904 506 contra,
926 465 964 500 Il.
985 463 1046 504 IV,
1068 463 1129 504 60,
1152 464 1235 500 luno
1258 477 1342 500 sese
1365 467 1424 500 aut
1446 466 1593 499 omnium
1615 468 1675 500 aut
1696 465 1836 500 filiarum
1859 467 1983 500 saltem
2006 470 2088 502 natu
2108 467 2215 501 maxi1

200 549 292 574 mam
307 550 391 574 esse
404 538 596 586 praedicat,
621 540 677 580 et,
700 539 733 574 si
757 539 837 584 quis
859 537 903 573 de
926 536 1028 572 huius
1044 535 1109 570 loci
1126 536 1404 584 interpretatione
1416 538 1577 584 ambigat,
1591 555 1633 563 —
1644 548 1724 573 nam
1737 541 1793 573 est
1806 549 1893 573 sane
1905 538 2087 583 ambiguus
2095 540 2154 583 ω),
2169 556 2212 565 --

200 609 330 657 Iupiter
356 615 451 646 certe
484 610 628 645 disertis
666 612 785 645 verbis
812 611 978 644 maximus
1010 613 1091 643 natu
1124 610 1168 643 de
1200 611 1311 644 tribus
1342 610 1501 644 frah-ibus
1528 621 1610 644 esse
1635 609 1774 650 dicitur,
1809 610 1986 644 secundus
2013 609 2214 655 Neptunus,

200 685 321 719 tertius
343 683 446 719 Pluto
456 685 519 727 ⁶⁶):
549 684 641 718 unde
663 683 880 718 manifestum
906 685 977 722 est,
1008 681 1156 718 fabulam
1179 683 1281 717 istam
1305 682 1350 718 de
1373 683 1490 718 liberis
1511 682 1683 717 devoratis
1705 693 1894 727 rursusque
1915 683 2041 718 eiectis
2062 682 2211 718 Homero

200 755 350 801 ignotam
366 755 490 791 fuisse.
528 756 606 790 Nec
629 757 738 789 minor
760 760 818 790 est
839 756 1017 799 utriusque
1039 757 1167 800 poetae
1193 755 1368 788 dissensio
1394 755 1439 788 de
1461 755 1553 789 Iovis
1575 755 1756 799 coniugiis.
1800 754 1890 788 Nam
1912 755 2003 800 apud
2018 755 2215 789 Hesiodum

198 828 328 874 Iupiter
350 831 497 874 primam
519 830 629 864 Metin
651 830 762 868 ducit,
789 829 892 872 idque
919 828 1043 861 sactum
1068 828 1225 861 videmus
1249 832 1492 872 posteaquam,
1521 832 1619 873 patre
1647 829 1800 867 deiecto,
1831 830 1912 873 ipse
1935 839 2047 862 rerum
2078 830 2214 871 potitus

198 904 273 934 est:
295 902 470 945 siquidem
493 906 529 937 et
550 904 651 936 θεῶν
674 901 837 947 βασιλεὺς
865 913 887 935 a
915 904 1018 946 poeta
1049 899 1171 934 dicitur
1202 899 1267 933 has
1290 901 1431 945 nuptias
1459 904 1619 935 narrante
1640 913 1672 934 v.
1695 901 1776 942 886,
1810 905 1845 935 et
1867 913 1945 935 mox
1965 904 2215 946 praegnantem

196 971 309 1008 Metin
332 973 492 1014 devorat,
517 987 560 1009 ne
582 986 726 1020 regnum
748 975 815 1009 sibi
837 986 858 1008 a
879 974 962 1014 filio,
987 985 1087 1018 quem
1110 972 1259 1018 paritura
1280 975 1397 1012 esset,
1423 972 1601 1018 eripiatur,
1627 985 1657 1006 v.
1680 972 1757 1008 892.
1794 972 1970 1019 Deinceps
1993 971 2214 1013 Tbemidem,

196 1043 436 1092 Eurynomen,
477 1046 658 1089 Cererem,
692 1047 963 1094 Mnemosynen,
998 1045 1186 1086 Latonam,
1216 1047 1425 1091 postremam
1456 1048 1568 1080 autem
1599 1045 1749 1080 omnium
1779 1045 1944 1081 lunonem
1972 1044 2040 1080 sibi
2062 1044 2214 1092 copulat-

198 1115 328 1152 contra
352 1118 445 1165 apud
475 1118 662 1154 Homerum
685 1119 849 1155 Iunonem
879 1119 946 1153 iam
974 1121 1045 1152 turn
1074 1118 1254 1164 amplexus
1280 1128 1364 1151 esse
1391 1116 1533 1157 dicitur,
1566 1127 1668 1162 quum
1696 1117 1797 1151 ambo
1828 1116 1942 1151 adhuc
1971 1117 2037 1151 sub
2066 1120 2208 1161 paterno

198 1188 341 1234 imperio
364 1194 502 1224 esseut:
532 1202 635 1235 quam
667 1192 712 1224 ob
735 1203 876 1225 causam
903 1191 1017 1224 furtim
1048 1190 1290 1229 concumbant,
1328 1189 1453 1232 φίλους
1486 1189 1636 1223 λαθόντε
1672 1191 1819 1233 τοκῆας,
1856 1189 1895 1222 u.
1922 1188 2026 1227 XIV,
2045 1188 2118 1221 296.
2163 1188 2209 1222 Et

198 1259 361 1295 Iunonem
390 1262 457 1296 sub
484 1263 604 1297 matris
631 1262 791 1297 custodia
814 1263 917 1297 etiam
944 1275 988 1297 eo
1010 1266 1165 1309 tempore
1196 1274 1280 1296 esse
1307 1261 1481 1300 videmus,
1515 1272 1618 1306 quum
1647 1264 1780 1307 patrem
1805 1261 1932 1307 Iupiter
1963 1261 2096 1295 deiicit:
2129 1272 2213 1294 nam

193 1333 464 1368 commendatam
487 1346 572 1369 sese
595 1339 676 1370 tunc
696 1347 718 1369 a
739 1335 842 1369 Rhea
864 1335 997 1369 Oceani
1026 1339 1062 1369 et
1087 1335 1237 1381 Tethyis
1259 1335 1389 1370 tutelae
1410 1346 1493 1369 esse
1517 1335 1597 1380 ipsa
1618 1338 1784 1369 memorat
1803 1334 1842 1368 Il.
1865 1335 1961 1376 xlv,
1983 1334 2058 1371 202.
2104 1334 2209 1376 Quod

193 1408 308 1440 autem
330 1409 467 1441 veteres
491 1407 629 1452 quidam
651 1409 858 1454 interpretes
868 1408 913 1451 ⁸⁷)
936 1412 1018 1454 post
1041 1407 1183 1442 furtivos
1206 1407 1285 1442 illos
1307 1417 1538 1451 congressus,
1561 1406 1698 1442 deiecto
1721 1407 1785 1441 iam
1810 1406 2035 1443 inTartarum
2047 1408 2213 1448 Saturno,

193 1478 297 1511 etiam
319 1480 431 1512 iustas
454 1480 700 1524 solemnesque
723 1481 862 1525 nuptias
884 1480 1081 1514 celebratas
1103 1490 1187 1513 esse
1212 1479 1343 1518 volunt,
1368 1478 1511 1512 Oceano
1534 1482 1571 1512 et
1594 1479 1733 1522 Tethye
1755 1479 2073 1525 desponsantibus,
2101 1481 2212 1525 idque

194 1552 393 1595 comparant
414 1562 490 1585 cum
513 1551 706 1585 Samiorum
734 1563 848 1592 more,
880 1555 918 1586 ut
949 1551 1043 1597 proci
1074 1563 1151 1587 cum
1182 1550 1307 1597 puellis
1336 1549 1524 1584 clanculum
1554 1552 1636 1584 ante
1665 1551 1802 1595 nuptias
1833 1552 2118 1587 concumberent:
2150 1556 2212 1588 est

194 1621 277 1656 illud
299 1621 438 1667 quidem
461 1623 553 1659 haud
576 1624 817 1671 improbabile,
841 1623 989 1659 fabulam
1013 1622 1160 1658 divinam
1185 1623 1228 1658 ad
1253 1620 1508 1658 similitudinem
1531 1621 1669 1657 humani
1692 1624 1797 1657 moris
1820 1624 1998 1658 confictam
2022 1636 2125 1666 esse,
2147 1636 2210 1661 ne·r

193 1703 262 1738 que
284 1697 399 1728 tamen
423 1694 549 1729 sufficit
571 1695 615 1729 ad
638 1696 904 1736 conciliandum,
928 1695 1214 1741 quemadmodum
1228 1696 1277 1729 illi
1293 1696 1428 1735 volunt,
1449 1705 1525 1729 cum
1541 1694 1699 1729 Hesiodo
1714 1695 1913 1729 Homerum.
1949 1696 2037 1731 Nam
2052 1698 2084 1731 si
2104 1708 2209 1743 quam

191 1766 356 1801 rationem
392 1767 574 1813 physicam
613 1768 692 1802 huic
727 1768 771 1803 de
800 1768 891 1803 Iovis
919 1768 1128 1813 lunonisque
1155 1769 1282 1814 nuptiis
1307 1768 1447 1802 fabulae
1469 1768 1635 1801 inclusam
1666 1779 1750 1802 esse
1773 1768 2014 1810 concedimus,
2048 1771 2081 1803 id
2105 1770 2197 1815 quod

152 1847 154 1850 ’
191 1850 279 1873 sane
302 1840 562 1875 concedendum
586 1844 663 1881 est,
693 1841 816 1876 eadem
844 1842 952 1880 ratio,
981 1852 1048 1885 qua
1078 1840 1205 1887 Iupiter
1233 1842 1350 1876 statim
1378 1839 1585 1876 adolescens
1619 1854 1696 1876 cum
1727 1841 1855 1876 Iunone
1879 1853 2090 1886 congressus
2120 1854 2205 1877 esse

192 1911 400 1955 fingebatur,
425 1925 494 1947 non
515 1914 711 1958 patiebatur
732 1913 826 1948 haud
849 1913 953 1947 dubie
974 1914 1087 1947 iustas
1112 1914 1250 1959 nuptias
1272 1917 1343 1948 tam
1367 1913 1426 1947 diu
1451 1913 1593 1954 differri,
1613 1914 1829 1959 interpositis
1851 1918 1902 1948 tot
1924 1915 2003 1949 aliis
2024 1915 2204 1958 coniugiis,

215 2082 272 2120 64)
313 2084 453 2115 Eundem
473 2087 612 2116 ordinem
639 2087 750 2125 hymn.
770 2085 811 2115 Η.
830 2085 862 2115 in
883 2085 1034 2114 Venerem
1055 2087 1179 2121 servet,
1207 2094 1236 2113 v.
1255 2087 1312 2121 21,
1339 2084 1483 2115 fabulum
1507 2085 1639 2115 eundem
1660 2084 1849 2124 respiciens.-
1879 2084 1955 2115 item
1975 2083 2154 2122 Aponodor.
2176 2084 2203 2120 1,

312 2140 346 2173 l,
369 2139 397 2166 5.
438 2137 562 2167 Cullim.
581 2138 621 2168 Η.
639 2138 670 2168 in
691 2139 757 2169 lov.
780 2148 809 2169 v.
830 2140 871 2167 58
890 2138 1019 2177 aliique.

216 2188 273 2227 65)
314 2190 422 2221 Schol.
448 2192 485 2221 A.
514 2193 554 2222 ad
582 2193 707 2223 lunoni·
732 2194 847 2229 verba,
874 2195 930 2223 nat
944 2204 982 2231 με
1008 2192 1220 2232 πρεσβυτάτην
1249 2194 1349 2223 τέκετο
1375 2191 1492 2232 Κρόνος
1520 2190 1730 2233 ἀγκυλομήτης
1756 2190 1947 2232 ἀμφότεροντ
1979 2188 2067 2232 γενεῇ
2092 2202 2123 2221 τι
2151 2196 2203 2222 καὶ

307 2240 416 2274 οὕνεκα
431 2244 469 2285 οή
488 2245 668 2285 παράκοιτις
685 2247 847 2287 κέκλημαι,
876 2247 1013 2286 primum
1034 2248 1113 2277 hacc
1134 2251 1279 2277 annotat:
1304 2245 1534 2286 πρεσβυτάτην,
1562 2247 1751 2287 τιμιωτάτην
1769 2245 1841 2277 νῦν.
1867 2246 2071 2285 “doymo-‘hle
2096 2242 2128 2274 δὲ
2154 2244 2202 2275 ἐν·

308 2297 419 2329 τεῦθιν
438 2297 579 2331 Ἠσίοδος
599 2299 744 2340 νεώτερόν
763 2314 838 2341 φησι
859 2299 912 2332 τὸν
930 2303 1007 2332 Δία.
1034 2301 1145 2330 deinde
1172 2301 1269 2331 haec:
1292 2298 1381 2341 γενεῇ
1404 2299 1470 2331 ἀντὶ
1491 2298 1544 2332 τοῦ
1562 2303 1655 2340 γένει.
1684 2300 1716 2331 ἐκ
1736 2301 1856 2340 Κρόνου
1883 2301 1951 2341 γάρ.
1994 2300 2074 2329 Item
2100 2299 2202 2329 schol.

306 2352 342 2383 B.
363 2353 398 2384 L.
418 2354 522 2394 γενεῆς
540 2354 804 2396 significationem
825 2366 885 2386 non
914 2366 1008 2386 unum
1027 2366 1097 2386 esne
1118 2359 1260 2392 monent,
1290 2366 1386 2396 quum
1408 2360 1440 2386 et
1460 2356 1498 2386 de
1525 2361 1629 2386 aetate
1655 2355 1795 2393 dicatur,
1823 2360 1858 2386 ut
1879 2356 1916 2386 ll.
1942 2354 1989 2391 II,
2010 2356 2086 2392 ⁷07,
2109 2351 2204 2387 ὁπλό-

307 2418 390 2445 τερος
408 2408 530 2448 γενεήν,
559 2415 592 2439 et
611 2410 651 2439 de
672 2419 803 2449 genere,
832 2415 866 2439 ut
886 2411 924 2439 ΙΙ.
946 2411 1007 2446 XI,
1036 2413 1113 2446 796,
1138 2408 1224 2451 γενεῇ
1242 2410 1299 2448 μίν
1320 2407 1497 2448 ὗπέρτερος,
1526 2414 1559 2438 et
1584 2410 1658 2439 aliis
1678 2411 1781 2439 modis
1800 2411 1956 2448 pluribus.
1997 2410 2201 2439 Recentiores

306 2459 494 2502 interprete·
515 2463 658 2503 plerique
679 2463 725 2493 de
743 2474 889 2504 genere
910 2465 942 2494 11.
961 2464 982 2494 Ι.
1001 2469 1205 2505 acceperunt,
1233 2463 1331 2494 etiam
1353 2462 1490 2493 wolfiu-
1517 2462 1551 2493 ἰ.
1569 2462 1691 2493 scholi·
1719 2467 1793 2493 tom.
1814 2463 1843 2493 u
1864 2473 1896 2502 p.
1915 2464 1992 2493 2352
2012 2472 2078 2504 ego
2095 2467 2202 2494 utrum

304 2515 412 2543 verius
432 2517 474 2546 sit
494 2522 580 2546 certo
599 2516 676 2546 sciri
696 2526 757 2546 non
777 2529 870 2555 pone
890 2518 1038 2547 arbitror.

209 2567 266 2606 ⁶6)
305 2568 342 2598 n.
362 2569 428 2607 XV,
450 2572 516 2601 166.
537 2573 603 2603 187.
623 2573 653 2601 8.
679 2570 770 2608 xm,
790 2574 858 2603 355.

209 2622 265 2660 ⁶7)
305 2623 413 2653 Schol.
440 2624 477 2654 B.
506 2624 541 2653 L.
566 2625 610 2654 V:
646 2624 753 2664 λάθρᾳ
780 2624 883 2665 ἐμίγη,
921 2624 974 2656 ὅτε
1001 2623 1034 2655 δέ
1067 2623 1271 2664 ἕταρταριῦθη
1301 2622 1318 2655 ὅ
1345 2622 1478 2663 Κρόνος,
1505 2621 1546 2654 οἷς
1571 2625 1727 2663 παρθένος
1754 2622 1959 2663 ιῖπονοονμένη
1986 2622 2115 2663 ἕξιδόθη
2148 2626 2200 2653 Διὶ

303 2675 389 2717 παρὰ
413 2677 533 2717 Τηθύος
551 2684 604 2711 aa)
621 2677 784 2711 Ὠκεανοῦ.
801 2698 837 2703 -
848 2677 936 2712 ἄλλοι
954 2678 1007 2712 τὸν
1026 2681 1086 2712 Δία
1107 2683 1201 2720 φασὶν
1219 2678 1252 2710 ἐν
1270 2678 1367 2719 Σάμῳ
1389 2677 1494 2718 λάθρᾳ
1514 2676 1575 2710 τῶν
1593 2680 1706 2719 γονέων
1724 2675 1995 2719 ἆτοπαρθινιῧοαι
2010 2675 2197 2718 τῆν’Ἠραν,

304 2728 381 2762 ὅθεν
399 2732 514 2773 Σάμιοι
531 2733 747 2773 gamoteima
772 2732 825 2765 τᾶς
843 2734 934 2774 κόρας
953 2733 1060 2773 λάθρᾳ
1079 2734 1336 2773 συγκοιμζουοιν,
1357 2731 1425 2763 εἶτα
1444 2732 1599 2772 παόρηοίᾳ
1619 2731 1731 2762 odeum
1751 2730 1819 2763 τούς
1837 2731 1963 2772 γάμους.
2007 2730 2125 2769 Turius
2144 2724 2201 2760 οὖν

303 2784 371 2818 τούς
390 2792 461 2827 περὶ
479 2787 606 2827 Κρόνον
622 2793 675 2820 καὶ
692 2785 802 2820 Ῥέαν.
823 2788 897 2820 ε”νιοι
915 2787 947 2820 δὲ
968 2787 1035 2821 τοῦς
1054 2787 1236 2830 προγόνους,
1263 2786 1331 2820 τούς
1349 2792 1419 2827 περὶ
1447 2785 1587 2819 estavar
1605 2791 1657 2819 xo)
1680 2785 1797 2827 Τηθιῖν.
