2466 3210
1058 113 1115 122 -
1175 90 1347 132 16.-

185 213 252 247 orti
274 211 503 245 videbuntur:
525 219 639 253 neque
662 208 815 243 obstabit
838 208 919 242 huic
941 206 1153 245 sententiae,
1176 206 1268 250 qnod
1289 216 1380 239 unus
1403 215 1540 245 eorum,
1570 205 1825 253 Polyphemus,
1851 204 2006 252 Neptuni
2032 210 2068 242 et
2091 207 2207 244 Thoo-

190 296 252 321 sae
273 283 365 319 filius
388 281 523 317 dicitur.
567 280 658 316 Nam
687 280 883 325 exemplum
912 280 1012 326 plane
1039 278 1213 323 geminum
1243 277 1402 312 videmus
1431 279 1467 312 in
1490 278 1738 313 Centaurorum
1766 279 1896 320 fabula,
1934 290 2075 324 quorum
2096 289 2207 322 unus,

192 356 334 395 Chiron,
359 353 501 388 Saturni
523 356 560 388 et
585 351 750 397 Philyrae
773 352 865 387 filius
890 356 965 391 est,
988 362 1089 395 quum
1117 350 1238 395 reliqui
1265 350 1390 385 nubem
1412 350 1456 384 ab
1482 349 1602 385 Ixione
1624 360 1862 394 compressam
1884 355 2027 386 matrem
2049 351 2209 387 habeant.

190 446 234 454 --
263 425 336 460 Sed
358 425 404 459 de
429 425 567 459 humani
592 423 732 469 generis
755 423 905 468 origine,
929 434 1028 468 quam
1050 421 1221 462 nonnulli,
1252 422 1284 456 in
1307 422 1450 467 quihus,
1480 421 1584 456 etiam
1606 420 1802 462 Hesiodus,
1836 433 1858 456 a
1881 422 2086 469 Gigantibus
2109 436 2207 470 repe-

191 500 295 534 tiisse
316 498 493 535 videntur,
515 495 702 529 Homerum
725 496 822 530 aliler
843 496 1010 531 statuisse
1032 493 1150 528 credo.
1197 494 1379 539 Siquidem
1392 494 1561 539 Gigantes
1583 505 1652 527 uno
1676 504 1752 527 cum
1775 493 1971 529 hominihus
1995 498 2153 542 tempore
2174 497 2207 530 in

194 572 297 606 terris
319 569 475 604 floruisse
500 578 545 601 ex
567 578 610 601 eo
633 568 821 613 colligitur,
845 567 935 613 quod
957 566 1004 600 illi
1025 566 1128 599 tertia
1150 565 1287 600 demum
1311 570 1390 601 aute
1413 566 1539 601 Ulixen
1560 569 1674 600 aetate
1697 565 1805 600 deleti
1828 568 1926 606 sunt,
1951 577 2018 610 quo
2041 570 2209 614 tempore,

192 646 229 680 si
252 643 330 689 quis
355 639 607 684 chronologicis
642 641 832 675 rationibus
859 641 1008 685 aliquem
1039 639 1073 673 in
1104 638 1264 674 fabulosa
1297 639 1442 675 historia
1471 640 1583 674 locum
1614 639 1796 678 concedat,
1832 639 1966 674 vixisse
1996 641 2210 684 reperiuntur

198 716 331 754 Minos,
364 712 512 757 Pelops,
540 711 744 747 Laomedon
772 713 899 757 aliique
930 713 1038 747 multi.
1085 712 1163 747 Nisi
1192 713 1269 756 quis
1301 712 1389 746 sorte
1422 712 1610 757 Gigantum
1643 711 1815 756 duplicem
1843 712 2071 757 propaginem
2100 711 2211 746 fuisse

193 790 325 826 sumat,
346 785 492 820 alteram
508 784 706 826 humanam,
729 784 931 820 dissimilem
948 785 1166 831 parentibus,
1190 784 1331 819 alteram
1351 787 1468 817 autem
1483 785 1557 830 pari
1580 796 1655 819 cum
1672 784 1729 818 his
1749 788 1886 823 natura,
1909 787 1945 818 et
1967 784 2056 818 hanc
2071 784 2209 828 quidem

192 858 408 906 perdurasse
429 867 544 902 usque
565 855 610 891 ad
631 855 931 903 Eurymedontem.
976 857 1233 893 Sed'diversae
1256 855 1427 902 opinionis
1458 856 1621 892 indicium
1658 856 1857 903 suppeditat
1890 857 2116 902 proverbialis
2153 858 2212 892 illa

199 932 352 977 loquutio
375 927 447 964 ἀπὸ
469 928 576 973 δρυὸς
600 926 652 973 ἠδ’
674 927 744 964 α’πο
767 928 911 975 πέτρης,
936 930 1003 965 Od.
1026 930 1126 970 XIX,
1151 928 1225 969 163,
1249 939 1350 974 quam
1371 927 1415 962 de
1438 932 1513 963 ortu
1527 928 1702 964 hominum
1725 940 1770 964 ex
1789 929 1968 964 arboribus
1991 933 2026 964 et
2038 929 2211 976 lapidibus

198 1007 340 1037 veteres
367 1013 489 1035 omnes
517 1013 617 1041 vere,
645 1006 683 1036 ut
705 1004 861 1043 arbitror,
893 1003 1104 1048 interpretati
1132 1003 1279 1046 sunt⁴⁷).
1309 1018 1352 1025 —-
1395 1000 1556 1045 Denique
1583 1000 1733 1047 Erinyes
1764 1001 1977 1035 nominantur
2008 1002 2145 1047 quidem
2167 1003 2212 1037 ab

200 1075 353 1110 Homero
376 1085 645 1119 saepenumero,
668 1074 733 1109 sed
752 1075 842 1109 unde
865 1086 974 1120 genus
996 1075 1150 1115 trahant,
1176 1086 1347 1119 nusquam
1369 1077 1524 1120 apparet.
1568 1073 1673 1119 Apud
1695 1073 1888 1107 Hesiodum
1911 1077 2046 1113 autem,
2070 1075 2211 1109 sirecte

199 1146 342 1182 Poenas
366 1145 490 1181 Noctis
512 1147 600 1181 filias
622 1146 766 1182 easdem
792 1158 869 1181 cum
891 1146 1054 1192 Erinysin
1077 1159 1160 1182 esse
1182 1147 1414 1193 sumpsimus,
1442 1144 1530 1180 duas
1556 1144 1692 1180 fabulas
1713 1145 1873 1180 diversas
1896 1145 1985 1181 male
2008 1149 2212 1184 contamina·

199 1225 255 1256 tas
276 1220 464 1259 habemus,
487 1231 627 1264 quarum
650 1221 874 1255 vetustiorem
897 1231 962 1264 ego
985 1219 1124 1264 quidem
1144 1220 1233 1253 hanc
1256 1230 1341 1254 esse
1363 1217 1579 1258 crediderim,
1606 1229 1696 1263 quae
1718 1217 1864 1252 Noctem
1886 1218 1954 1252 illis
1977 1222 2120 1255 matrem
2139 1220 2211 1256 dat.

341 1291 445 1327 Nocti
468 1292 572 1326 etiam
595 1292 653 1326 alii
674 1292 719 1327 ab
743 1292 897 1327 Hesiodo
919 1292 1018 1327 liberi
1040 1305 1082 1327 ac
1112 1295 1258 1338 nepotes
1287 1291 1359 1326 dati
1388 1294 1469 1325 sunt
1497 1302 1564 1324 non
1585 1291 1706 1336 pauci,
1738 1302 1879 1335 quorum
1903 1290 2076 1326 Homerus
2100 1295 2213 1328 nullos

200 1369 367 1402 memorat
389 1365 457 1399 nisi
478 1364 607 1399 hosce:
632 1365 779 1410 primum
802 1364 979 1399 Mortem
1003 1367 1038 1398 et
1061 1364 1275 1403 Somnum,
1298 1364 1353 1409 qui
1378 1363 1500 1398 fratres
1524 1373 1608 1397 esse
1631 1362 1785 1398 dicuntur
1807 1363 1847 1398 ΙΙ.
1865 1362 1964 1404 XIV,
1988 1364 2062 1404 23¹,
2087 1366 2212 1401 deinde

202 1439 396 1478 Somnia,
418 1448 561 1482 quorum
583 1437 734 1482 populus
758 1438 789 1471 in
815 1437 897 1471 Orci
920 1436 1014 1471 aditu
1038 1436 1187 1476 habitat,
1210 1436 1278 1470 Od.
1303 1435 1437 1475 XXIV,
1470 1436 1527 1477 1⁶23
1560 1437 1681 1480 Κῆρας
1710 1447 1829 1481 porro,
1864 1436 1930 1471 sed
1952 1438 2112 1483 ambigua
2137 1450 2213 1485 per-

200 1523 362 1547 sonarum
383 1508 709 1555 significatione⁴⁸),
740 1513 776 1544 et
805 1509 966 1553 Μοίρας,
998 1509 1041 1543 de
1070 1509 1192 1553 quihus
1222 1512 1348 1553 postea
1379 1508 1562 1542 dicendum
1594 1509 1674 1549 erit3
1704 1508 1852 1552 denique
1866 1507 1985 1552 Ἔριν.
2031 1509 2105 1544 Sed
2128 1510 2215 1546 baec

199 1584 341 1632 quidem
361 1582 485 1619 Martis
507 1593 606 1617 soror
628 1580 751 1616 dieitur
773 1580 811 1617 ll.
834 1580 897 1622 IV,
919 1580 999 1623 445,
1025 1581 1068 1622 V,
1091 1581 1174 1621 518,
1197 1581 1288 1616 unde
1310 1585 1471 1628 apparet,
1493 1594 1562 1616 non
1585 1582 1707 1616 Noctis
1730 1582 1832 1616 filiam
1858 1581 2010 1617 habitam
2035 1594 2139 1618 esse:
2168 1583 2212 1618 de

202 1657 366 1703 reliquis,
387 1665 529 1701 quorum
551 1666 663 1700 genus
686 1666 750 1689 non
774 1654 960 1695 indicatur,
1002 1655 1034 1689 si
1069 1655 1146 1700 quis
1173 1655 1383 1690 convenisse
1411 1654 1562 1690 Homero
1590 1666 1666 1689 cum
1691 1654 1847 1690 Hesiodo
1877 1655 2013 1696 credat,
2051 1656 2213 1701 equidem

203 1730 297 1766 haud
321 1728 520 1775 repugnabo
530 1728 588 1771 ⁴⁹).
631 1727 748 1762 Eridis
774 1728 877 1762 filiam
900 1726 1076 1761 Hesiodus
1091 1725 1201 1771 ’Ἀτην
1224 1727 1304 1761 sacit
1327 1739 1404 1762 cum
1426 1739 1552 1773 magna
1582 1727 1797 1762 multitudine
1821 1728 1983 1762 malorum
2006 1731 2041 1762 et
2064 1728 2213 1764 molesti-

204 1814 317 1842 arum,
340 1813 430 1846 quae
456 1812 576 1835 omnes
598 1800 688 1846 apud
715 1800 901 1834 Homerum
924 1812 984 1834 res
1006 1799 1254 1839 tantummodo,
1281 1812 1349 1833 non
1375 1811 1547 1845 personae
1570 1804 1668 1840 sunt,
1699 1804 1835 1845 praeter
1859 1812 1961 1834 unam
1977 1799 2095 1844 Ἄτην.
2141 1801 2214 1836 Sed

204 1874 293 1910 haec
313 1872 393 1909 Iove
419 1875 499 1907 nata
523 1872 741 1919 perhibetur,
765 1883 833 1917 qua
856 1871 900 1906 de
924 1883 962 1907 re
986 1884 1063 1908 mox
1087 1873 1291 1908 videbimus.

345 1945 507 1989 Sequitur
530 1944 622 1990 apud
643 1944 837 1979 Hesiodum
859 1944 964 1979 Ponti
992 1956 1011 1978 e
1035 1944 1139 1980 Terra
1168 1946 1369 1991 progenies,
1401 1945 1459 1979 filii
1488 1948 1582 1985 tres,
1611 1945 1793 1985 Nereus,
1824 1945 2051 1987 Thaumas,
2082 1946 2214 1981 Phor-

206 2028 299 2058 cus,
330 2017 487 2061 filiaeque
514 2016 619 2057 duae,
653 2016 759 2052 Ceto
790 2021 825 2052 et
857 2017 1062 2063 Eurybia,
1096 2018 1222 2062 quibus
1246 2019 1402 2052 omnibus
1425 2022 1485 2052 aut
1507 2019 1610 2052 maris
1634 2017 1801 2063 quasdam
1824 2020 2053 2065 proprietates
2076 2022 2134 2053 aut
2157 2029 2214 2053 res

326 2158 360 2190 rc)
379 2157 423 2196 μή
444 2156 607 2196 ὀνομάζειν
632 2157 663 2187 δὲ
691 2157 789 2189 πολλοὶ
818 2158 878 2189 τῶν
900 2162 1060 2199 γνωρίμων
1086 2158 1137 2189 οὐκ
1157 2158 1276 2199 ἀγνοίας
1297 2159 1359 2190 ἐστὶ
1379 2162 1517 2199 σημεῖον.
1539 2163 1570 2190 et
1591 2170 1620 2200 p.
1638 2162 1693 2190 35:
1718 2158 1868 2200 μοχθηρῷ
1896 2162 2006 2199 σημείῳ
2026 2157 2138 2199 χρῆται
2155 2158 2216 2192 πᾶ»-

324 2211 340 2244 ὄ
362 2212 394 2243 ἐκ
415 2211 469 2244 τοῦ
488 2209 532 2251 μή
559 2210 703 2250 λέγεσθαί
720 2224 749 2243 τι
770 2211 828 2244 dm)
849 2212 900 2244 τοῦ
921 2214 1049 2252 ποιητοῦ
1070 2213 1247 2253 ἀγνοεῖσθαι
1265 2213 1362 2245 ἐκεῖνο
1384 2213 1431 2245 ὑπ’
1455 2213 1548 2245 αὑτοῦ
1574 2213 1814 2254 τεκμαιρόμενος.

231 2269 286 2307 47)
327 2268 418 2299 Conf.
437 2268 514 2298 diss.
536 2267 575 2296 de
596 2267 745 2307 nymphis
763 2268 871 2298 Meni·
892 2274 950 2299 etc.
975 2278 1005 2307 p.
1029 2271 1076 2298 12.
1117 2269 1283 2300 Rationem
1305 2269 1430 2308 quidem
1452 2269 1549 2299 huius
1569 2269 1727 2309 opinionis
1745 2270 1825 2301 nati·
1846 2269 1986 2310 ineptam
2007 2269 2100 2300 multi
2126 2280 2218 2300 exco-

324 2323 483 2363 gitarunt,
506 2323 595 2352 velut
615 2322 715 2351 schol.
738 2324 809 2352 Ven.
830 2329 861 2353 ct
881 2324 1028 2352 Eustath.
1051 2323 1089 2352 ad
1110 2324 1147 2352 n.
1169 2325 1274 2360 xxu,
1305 2326 1370 2353 126.
1391 2325 1491 2353 schol.
1511 2325 1617 2353 Amhr.
1647 2328 1678 2353 et
1704 2324 1848 2353 Eu-tath.
1873 2325 1912 2353 ad
1934 2324 1993 2353 0d.
2021 2324 2111 2359 xlX,
2142 2328 2218 2361 1633

327 2378 379 2406 scd
402 2377 470 2416 ipsa
493 2381 596 2406 tamen
619 2375 724 2415 opinio
745 2376 846 2406 nihilo
867 2377 972 2407 accius
993 2376 1123 2417 agnosci
1144 2377 1246 2410 dehet.
1270 2396 1308 2401 -
1349 2378 1495 2409 Ceterum
1518 2378 1596 2408 duos
1616 2378 1775 2408 nomem·
1796 2378 1897 2418 ipuiur
1918 2383 2018 2408 terrae
2039 2384 2130 2417 partu
2152 2381 2218 2410 edi-

326 2436 375 2460 tos
395 2436 566 2466 memorat,
589 2432 820 2466 Erechtheum,
845 2442 937 2469 quem
958 2432 1039 2461 ἔτεκε
1061 2428 1200 2468 ζείδωρος
1219 2429 1350 2470 ἄρουρα,
1372 2433 1410 2461 Il.
1432 2433 1479 2466 II,
1500 2434 1573 2466 548,
1596 2436 1627 2461 et
1647 2432 1797 2471 Tityum,
1825 2431 1945 2471 γαιήϊον
1966 2442 1989 2461 ι.
2009 2435 2094 2471 γαίης
2119 2432 2217 2472 ἐρικυ-

326 2481 391 2514 δέος
409 2481 481 2520 υἱόν,
505 2484 563 2514 od.
583 2484 651 2521 vn,
672 2485 741 2513 324.
759 2484 812 2522 xl,
834 2487 902 2515 575.
931 2485 992 2515 Sed
1011 2489 1152 2524 uterque.
1175 2489 1206 2515 et
1220 2486 1354 2517 maxime
1370 2486 1498 2525 Tityus,
1521 2495 1541 2516 a
1557 2485 1682 2526 vulgari
1695 2485 1860 2515 hominnm
1876 2496 1991 2525 genere
2003 2488 2119 2517 diversi
2136 2495 2219 2517 sum.

233 2540 288 2577 48)
331 2539 381 2567 ef.
402 2539 622 2577 Naegelsbach
643 2539 761 2567 Theoi.
783 2540 874 2568 uon».
897 2550 925 2577 p.
956 2543 1013 2567 128
1040 2550 1106 2578 aq„
1135 2540 1188 2577 qui
1210 2546 1291 2571 recto
1319 2546 1441 2576 monet,
1464 2550 1523 2569 non
1551 2540 1641 2580 plane
1662 2541 1791 2571 eandem
1812 2538 1927 2579 Κηρῶν
1951 2541 2109 2572 notionem
2136 2542 2218 2582 apud

324 2594 499 2623 Homerum
520 2603 610 2631 esse,
632 2604 727 2633 quam
748 2595 831 2632 apud
852 2595 1035 2624 Hesiodum.

232 2649 286 2686 4⁹)
327 2646 547 2686 Naegelsbach
571 2648 592 2676 l.
613 2648 636 2677 I.
664 2658 693 2687 p.
716 2651 756 2677 78
780 2647 904 2677 Nocte-m
935 2649 1018 2688 apud
1039 2649 1215 2678 Homerum
1236 2648 1436 2680 Somniorum
1465 2654 1598 2681 matrem
1625 2659 1696 2680 esse
1723 2659 1840 2691 negans
1867 2651 1996 2692 ablegat
2022 2662 2078 2682 nou
2104 2651 2142 2681 ad
2169 2660 2217 2686 en,

320 2712 402 2741 quae
423 2702 491 2741 ipse
513 2703 551 2732 ad
573 2703 608 2732 ΙΙ.
629 2704 677 2739 II,
708 2706 727 2732 6
748 2704 938 2741 expo-merit.
980 2706 1041 2734 Sed
1064 2705 1145 2733 nihil
1166 2704 1211 2733 ihi
1231 2705 1268 2733 dc
1289 2705 1490 2733 Somniorum
1513 2705 1696 2743 parcntihu·
1723 2704 1934 2743 disputatum,
1963 2714 2063 2743 neque
2092 2702 2218 2732 omniuo

322 2754 491 2794 quidquam
514 2756 672 2796 prolatum
693 2766 763 2788 erse
785 2757 909 2795 videas,
933 2758 1016 2798 quod
1037 2758 1092 2789 inti
1114 2758 1286 2790 antennae
1307 2758 1500 2790 advertetur.
