2466 3210
1059 118 1353 161 ...24-

741 259 743 262 .
765 232 836 271 a’n’
860 232 916 271 ὅτε
938 232 981 280 δὴ
1007 234 1152 280 μισθοῖο
1173 231 1270 276 τέλος
1294 233 1510 281 πολυγηθέες
1525 227 1645 280 Ὧραι

765 308 937 353 ἕξέφερον.
991 310 994 315 ’

204 390 366 432 Denique
389 386 428 420 Il.
450 384 553 424 vm,
575 383 642 437 432
663 383 916 417 revertentibus
939 392 1003 428 per
1026 380 1166 427 Olympi
1188 384 1306 427 portas
1327 380 1448 416 Iunoni
1479 383 1516 416 et
1535 380 1714 416 Minervae
1747 391 1858 426 equos
1887 381 1932 417 de
1957 393 2053 418 curru
2075 382 2221 425 solvunt,

203 466 324 508 utpote
346 459 520 495 inferioris
544 456 677 491 ordinis
702 455 808 495 deae,
839 458 875 490 et
905 456 1093 492 maioribus
1116 456 1160 491 ad
1180 455 1392 501 tempestiva
1410 452 1603 489 ministeria
1625 452 1725 490 facile
1747 456 1898 500 paratae.
1943 453 2017 491 Sed
2043 454 2087 492 ad
2109 467 2222 492 mores

203 533 379 571 hominum
400 527 572 576 regendos
594 527 770 575 vitamque
792 527 941 570 iustitia,
969 529 1161 576 aequitate,
1191 526 1374 564 concordia
1399 526 1654 574 temperandam
1676 537 1800 561 munus
1829 537 1947 561 earum
1976 529 2066 576 apud
2095 529 2220 564 Home·

179 586 279 644 ‘rum
303 615 369 641 non
391 601 524 636 videtur
545 601 734 648 pertinere.

393 675 580 708 Parcarum
603 685 741 717 quoque
763 675 890 706 mentio
913 675 1214 717 frequentissima,
1237 674 1302 706 sed
1325 674 1370 706 de
1398 676 1527 719 stirpe,
1556 675 1599 707 de
1622 686 1780 713 numero,
1810 675 1855 709 de
1882 677 2076 709 nominibus
2105 677 2222 719 singu»

204 754 309 786 larum
332 749 426 783 idem
458 748 654 782 silentium:
684 758 856 791 quumque
884 746 987 781 unius
1009 759 1124 782 earum
1152 747 1243 793 apud
1266 746 1457 783 Hesiodum
1488 760 1612 783 nomen
1641 745 1787 784 Κλωθώ
1808 747 1872 788 sit,
1902 746 2075 784 Homerus
2104 746 2221 794 plures

201 822 373 860 communi
401 821 540 855 nomine
571 821 813 860 Κατακλῶθας
842 818 1011 865 appellat,
1044 818 1111 853 Od.
1141 818 1227 861 VII,
1260 818 1397 863 197⁷⁶),
1426 819 1670 866 coniungitque
1698 831 1774 855 cum
1790 818 1904 868 Αἴσῃ,
1931 823 2092 866 tanquam
2121 820 2220 861 alias,

202 897 283 932 licet
306 894 387 930 alibi
401 888 517 927 Αἶσαν
539 896 575 927 et
588 893 735 937 Μοῖραν
753 892 948 938 promiscue
962 894 1119 938 usurpet,
1142 895 1177 926 et
1195 893 1341 935 Μοῖραν
1356 891 1464 926 multo
1480 893 1626 938 saepius
1642 893 1810 939 singulari
1832 903 1931 938 quam
1943 893 2066 939 plurali
2080 904 2220 926 numero

202 969 305 1005 dicat.
357 966 519 1001 Ceterum
549 976 652 1011 quum
682 966 786 999 etiam
817 963 908 1009 apud
937 963 1130 999 Hesiodum
1167 964 1256 999 duas
1285 964 1443 998 diversas
1476 964 1520 998 de
1550 964 1732 1000 Parcarum
1766 977 1893 1011 genere
1920 965 2052 1000 fabulas
2079 965 2222 1011 proponi

202 1040 403 1078 rideamus,
432 1048 545 1082 neque
566 1037 657 1083 apud
681 1037 893 1084 posteriores
916 1048 1066 1081 unquam
1093 1049 1161 1071 una
1183 1037 1227 1071 de
1250 1038 1293 1071 iis
1316 1038 1433 1084 opinio
1456 1041 1550 1071 certa
1572 1049 1613 1071 ac
1635 1038 1774 1073 stabilis
1797 1039 1993 1079 invaluerit,
2023 1039 2221 1077 Homerum,

205 1114 265 1158 qui
287 1112 435 1147 satorum
457 1110 525 1144 vim
547 1122 588 1144 ac
609 1121 736 1144 numen
755 1109 867 1154 magis
891 1109 1037 1144 obscuro
1064 1110 1166 1145 animi
1195 1121 1305 1145 sensu
1327 1110 1527 1156 suspicatus
1552 1120 1655 1150 esse,
1689 1120 1791 1155 quam
1815 1113 1944 1144 certam
1968 1110 2024 1145 vel
2045 1110 2146 1144 unius
2166 1108 2221 1143 vel

205 1186 349 1233 plurium
378 1193 604 1230 personarum
627 1183 782 1229 speciem
807 1181 1015 1216 informasse
1036 1182 1187 1223 videtur,
1212 1194 1279 1216 non
1305 1193 1390 1217 sane
1412 1183 1532 1217 mirum
1558 1185 1614 1217 est
1646 1181 1691 1217 de
1720 1193 1847 1226 genere
1879 1185 1915 1216 et
1940 1185 2017 1216 ortu
2039 1181 2221 1216 Parcarum

203 1258 289 1294 nihil
310 1254 518 1303 prodidisse.
563 1253 688 1299 Neque
712 1253 907 1288 Gratiarum
931 1257 991 1288 aut
1015 1258 1178 1300 parentes
1202 1254 1373 1289 Homerus
1399 1255 1570 1294 nominat,
1603 1257 1662 1289 aut
1687 1265 1863 1290 numerum
1886 1254 2077 1294 definitm:
2105 1264 2222 1298 quam·

202 1341 303 1377 quam
324 1328 471 1374 amplius
494 1330 566 1361 tres
589 1325 717 1366 ruisse,
742 1329 824 1370 quot
847 1326 952 1360 habet
973 1326 1171 1367 Hesiodus,
1196 1327 1297 1362 facile
1320 1327 1463 1371 colligas
1485 1338 1529 1362 ex
1552 1328 1590 1362 ll.
1614 1328 1712 1368 xlv.
1733 1327 1811 1362 268.
1838 1327 1871 1362 9.
1898 1326 1974 1362 275.
1992 1326 2043 1366 6,,
2065 1326 2124 1360 ubi
2148 1337 2216 1359 una

201 1416 247 1441 ex
268 1402 457 1438 iunioribus·
481 1399 611 1434 Gratiis
632 1400 845 1439 nominatur,
876 1398 1063 1439 Pasithea,
1094 1411 1183 1444 quae
1211 1411 1279 1435 non
1302 1403 1359 1433 est
1388 1400 1423 1433 in
1442 1401 1553 1435 tribus
1578 1400 1783 1440 Hesiodeis,
1811 1400 1949 1446 Aglaien,
1976 1399 2218 1445 Euphrosyne.

204 1475 452 1522 Terpsichore.
499 1471 612 1512 Quam
635 1473 751 1506 variae
777 1474 890 1506 autem
915 1472 1016 1506 etiam
1041 1472 1269 1518 posteriorum
1293 1471 1337 1506 de
1361 1471 1489 1507 Gratiis
1511 1474 1708 1508 sententiae
1730 1473 1868 1514 suerint,
1891 1484 1991 1509 nemo
2013 1473 2155 1517 ignorat.

394 1544 451 1581 De
475 1543 687 1591 Proserpina
709 1542 837 1589 ambigi
860 1546 995 1589 potest,
1020 1542 1203 1578 Cererisne
1226 1556 1303 1579 eam
1328 1544 1446 1586 liliam,
1472 1548 1509 1579 ut
1531 1545 1731 1587 Hesiodus,
1755 1546 1807 1580 sic
1829 1545 1932 1580 etiam
1955 1544 2127 1578 Homerus
2150 1554 2222 1578 cre·

203 1620 338 1655 diderit.
381 1618 469 1653 Nam
492 1617 573 1651 licet
594 1616 755 1651 Cererem
778 1616 811 1649 in
835 1616 879 1650 iis
902 1619 1074 1656 numeret,
1099 1628 1185 1662 quas
1208 1617 1339 1664 Iupiter
1361 1617 1542 1663 amplexus
1565 1619 1630 1658 sit,
1662 1618 1704 1653 Il.
1729 1618 1827 1657 XIV,
1850 1617 1933 1657 326,
1961 1616 2220 1662 Proserpinam-

203 1706 271 1739 que
300 1692 392 1727 Iovis
421 1690 523 1724 tiliam
550 1701 635 1723 esse
662 1693 828 1728 testetur,
858 1688 928 1723 od.
962 1689 1036 1729 xl,
1064 1689 1147 1729 217,
1178 1694 1293 1724 tamen
1325 1689 1450 1724 Cerere
1480 1690 1570 1725 hanc
1600 1695 1712 1726 natam
1744 1702 1828 1726 esse
1855 1701 2023 1734 nusquam
2051 1689 2220 1736 perhibet,

202 1778 315 1812 neque
337 1768 470 1799 temere
495 1761 689 1802 Prellerus,
720 1763 769 1797 vir
798 1762 1046 1797 subtilissimus
1056 1762 1124 1806 ⁷⁸),
1155 1774 1281 1797 numen
1310 1763 1387 1798 eius
1413 1766 1448 1798 et
1474 1775 1598 1798 munus
1622 1763 1713 1810 apud
1735 1763 1923 1799 Homerum
1945 1766 2015 1798 tam
2048 1762 2221 1798 diversum

201 1838 309 1873 videri
335 1835 500 1871 iudicavit
524 1834 568 1869 ab
593 1846 654 1875 eo,
680 1834 772 1881 quod
795 1834 1005 1882 posteriores
1028 1836 1060 1870 ei
1082 1835 1292 1876 tribuerunt,
1315 1839 1354 1870 ut
1377 1836 1432 1871 vix
1459 1837 1545 1870 ratio
1570 1839 1748 1883 appareat,
1776 1847 1835 1870 cur
1859 1835 1995 1870 Cereris
2019 1847 2095 1869 eam
2118 1835 2220 1870 tiliam

202 1911 247 1947 ab
269 1910 421 1947 Homero
444 1908 599 1943 habitam
632 1919 718 1943 esse
741 1907 939 1944 credamus:
968 1909 1095 1955 quippe
1126 1909 1301 1955 pertinere
1329 1908 1419 1943 hanc
1449 1909 1617 1955 originem
1647 1909 1691 1943 ad
1714 1920 1792 1944 eam
1814 1910 2030 1954 opinionem,
2060 1919 2128 1953 qua
2155 1907 2219 1942 sru-

201 1995 282 2032 gum
305 1985 341 2017 in
362 1986 473 2016 terrae
496 1981 576 2015 sinu
599 1979 881 2015 absconditarum
906 1992 1092 2025 rursusque
1121 1983 1155 2014 in
1184 1981 1294 2015 lucem
1318 1981 1558 2026 prodeuntium
1581 1983 1679 2016 vices
1713 1981 1881 2015 moderari
1912 1980 2120 2026 Proserpina
2148 1991 2220 2015 cre-

200 2057 366 2094 debatur,
389 2054 488 2089 cuius
510 2052 681 2100 opinionis
704 2051 832 2086 nullum
855 2051 947 2097 apud
969 2053 1150 2088 Homerum
1173 2054 1358 2099 vestigium
1382 2065 1485 2095 esse,
1514 2054 1579 2089 sed
1608 2054 1674 2089 hoc
1697 2066 1802 2090 unum
1826 2053 1870 2088 de
1892 2052 2103 2099 Proserpina
2123 2064 2220 2099 prae-

201 2129 327 2169 dicari,
363 2138 448 2162 esse
479 2138 556 2161 eam
587 2125 772 2160 inferorum
806 2125 975 2170 reginam,
1010 2125 1215 2160 horrendam
1245 2126 1441 2161 hominibus
1472 2130 1508 2162 et
1536 2126 1799 2163 formidabilem.
1854 2126 1928 2160 Sed
1960 2125 2132 2161 fatendum
2161 2129 2218 2160 est

200 2208 336 2243 tamen,
357 2202 522 2235 incertam
547 2201 582 2231 et
609 2197 775 2231 lubricam
806 2208 891 2230 esse
917 2197 1005 2231 hanc
1034 2198 1314 2243 disputationem.
1359 2198 1447 2233 Nam
1476 2200 1581 2233 sicuti
1611 2200 1704 2245 apud
1734 2200 1946 2244 posteriores
1974 2198 2217 2245 Proserpinam

203 2276 290 2310 duas
317 2274 417 2319 quasi
448 2281 618 2316 personas
642 2269 819 2303 sustinere
852 2268 1023 2310 videmus,
1058 2270 1243 2305 inferorum
1270 2271 1411 2315 reginae
1445 2275 1481 2306 et
1511 2271 1645 2317 frugum
1674 2272 1872 2307 obeuntium
1898 2275 1935 2306 et
1962 2271 2216 2306 renascentium

201 2345 455 2383 moderatricis,
478 2353 594 2386 neque
616 2340 756 2376 difficile
781 2345 837 2375 est
860 2340 904 2375 ad
927 2342 1180 2387 explicandum,
1204 2342 1263 2388 qui
1285 2342 1359 2377 lieri
1381 2343 1547 2389 potuerit,
1570 2347 1625 2385 ut,
1649 2345 1681 2380 si
1702 2343 1769 2379 hoc
1792 2344 1936 2380 alterum
1963 2344 2007 2379 ab
2029 2345 2123 2378 initio
2137 2355 2215 2390 pro·

201 2422 311 2469 prium
334 2429 457 2453 munus
481 2415 618 2455 habuit,
640 2414 704 2448 abs
728 2425 795 2459 quo
820 2413 957 2449 Cereris
979 2414 1046 2451 filia
1068 2414 1161 2451 dicta
1184 2419 1258 2456 est,
1282 2419 1409 2462 postea
1431 2417 1533 2451 etiam
1559 2428 1705 2464 regnare
1728 2418 1891 2453 interrae
1913 2418 1992 2453 sinu
2013 2417 2105 2465 apud
2129 2402 2230 2452 inl'e-¹

201 2506 261 2529 ros
282 2491 498 2529 crederetur,
527 2489 575 2523 ita
602 2486 669 2521 hoc
701 2488 815 2533 ipsum
845 2489 912 2522 iam
942 2492 1021 2523 ante
1051 2489 1238 2524 Homerum
1268 2487 1394 2523 sactum
1425 2500 1524 2530 esse,
1554 2491 1694 2526 etiamsi
1728 2493 1955 2528 demonstrari
1984 2493 2119 2537 nequit,
2148 2502 2215 2524 non

226 2671 282 2709 ⁷⁶)
322 2669 369 2699 De
389 2668 421 2698 h.
444 2668 465 2697 Ι.
485 2667 527 2696 cf.
548 2667 688 2698 Nitneh.
709 2673 784 2697 tom.
805 2667 834 2696 II
856 2678 886 2706 p.
913 2668 968 2695 1⁵⁵
988 2672 1019 2696 ct
1040 2667 1210 2698 Maetzner.
1231 2668 1269 2698 de
1289 2668 1364 2697 Iove
1386 2668 1517 2698 Homeri
1538 2680 1569 2708 p.
1590 2671 1639 2698 75.

227 2724 283 2762 Π)
323 2722 372 2753 Cf.
391 2720 493 2751 schol.
516 2719 550 2750 V.
573 2721 611 2750 ad
630 2721 669 2750 Il.
690 2720 768 2755 xlv,
793 2722 849 2749 183
871 2725 902 2748 et
922 2719 958 2750 Β.
980 2720 1015 2750 L.
1039 2721 1072 2749 V.
1094 2721 1133 2750 ad
1153 2725 1225 2753 276.
1247 2723 1392 2752 llo-cath.
1415 2733 1444 2762 p.
1463 2726 1537 2758 976,
1560 2725 1608 2752 ³7.

229 2777 284 2814 78)
323 2775 472 2805 Demeter
492 2774 553 2804 aad
569 2774 770 2813 Persephone
792 2784 821 2813 p.
841 2775 860 2803 6
881 2778 912 2803 et
933 2784 961 2812 p.
985 2777 1020 2804 10
1039 2785 1106 2813 uqq.
